2326 3854
700 220 860 246 -—.—
963 187 1342 244 135——

225 509 544 554 Animadversio
575 509 625 548 de
654 507 1015 560 appellationibus
1048 519 1072 546 a
1107 506 1228 570 l'apa
1260 507 1315 546 ad
1348 504 1582 547 Concilium
1611 505 1820 554 generale.

266 610 349 663 19.
425 607 596 660 Unam
636 605 715 661 hic
763 596 1236 659 animadversionem
1286 622 1386 657 non
1433 600 1923 674 praetermittendam

122 693 372 746 existimo.
447 688 548 756 Qui
584 707 653 742 ex
708 689 1006 742 necessitate
1055 688 1258 741 remedii
1291 688 1345 759 in
1391 686 1619 760 periculis
1655 685 1796 750 fidei,
1842 686 1923 739 vel

121 778 173 829 in
209 775 457 830 scandalis
492 790 682 826 morum
707 780 791 826 aut
820 773 1155 839 schismatum,
1193 774 1255 826 ad
1278 773 1580 843 generalium
1607 770 1922 826 conciliorum

121 848 466 915 auctoritatem
515 876 664 930 supra
726 858 860 930 ipsos
927 876 1142 913 summos
1192 857 1466 912 Pontifices
1520 856 1925 929 propugnandam

120 953 396 1010 moventur,
431 944 578 998 velim
616 944 750 997 serio
788 946 1046 998 conferant
1081 943 1297 1016 pericula
1333 953 1384 998 et
1418 943 1668 1008 scandala,
1706 959 1831 1011 quae
1857 957 1926 994 ex

119 1030 336 1101 ipsorum
384 1025 631 1082 sententia
677 1029 960 1095 dimanant,
1009 1048 1166 1099 eaque
1217 1019 1318 1083 non
1368 1028 1609 1093 difficilia,
1647 1046 1739 1081 nec
1788 1045 1924 1090 rara,

119 1116 205 1169 sed
240 1115 466 1168 facillima
513 1124 564 1168 et
598 1115 996 1183 frequentissima
1034 1115 1159 1186 apud
1184 1126 1311 1180 ‘eoS‚
1360 1114 1444 1183 qui
1481 1114 1684 1166 eandem
1723 1120 1925 1165 senten-

118 1201 238 1255 tiam
291 1210 580 1271 sequuntur.
652 1198 738 1251 Ex
786 1201 878 1253 hae
929 1200 1062 1254 euim
1107 1199 1241 1253 iuter
1286 1199 1385 1252 alia
1433 1216 1535 1251 non
1570 1215 1753 1268 pauca,
1798 1211 1927 1274 quae

119 1304 394 1340 memorare
430 1303 530 1338 non
563 1286 741 1346 vacat,
775 1285 1019 1354 originem
1055 1285 1235 1338 ducunt
1270 1283 1622 1355 appellationes
1658 1300 1688 1333 a
1710 1290 1927 1333 ¹senten-

118 1370 206 1423 tiis
236 1371 383 1423 etiam
421 1369 708 1440 dogmaticis
744 1370 875 1423 sedis
911 1369 1249 1440 Apostolicae,
1284 1386 1375 1422 seu
1411 1363 1709 1421 summorum
1747 1364 1927 1419 Ponti-

118 1456 255 1508 ficum
305 1456 366 1508 ad
408 1456 643 1525 generale
681 1452 975 1508 Concilium.
1060 1450 1202 1520 Quae
1246 1463 1298 1508 et
1344 1463 1464 1524 quot
1513 1452 1744 1506 scandala
1790 1450 1926 1505 hisce

119 1558 311 1609 quoque
355 1539 711 1610 posterioribus
764 1539 974 1593 saeculis
1019 1547 1133 1610 poSt
1181 1550 1430 1611 receptam
1479 1558 1509 1592 a
1555 1536 1926 1608 quamplurimis

119 1624 515 1678 adversariorum
562 1625 858 1678 sententiam
906 1625 1315 1695 appellationibus
1359 1624 1598 1698 ejusmodi
1642 1622 1927 1676 universam

118 1708 368 1762 turbarint
392 1706 688 1774 Ecclesiam,
725 1708 1031 1761 notissimum
1071 1718 1176 1762 est:
1215 1719 1266 1762 et
1302 1709 1488 1774 utinam
1526 1709 1668 1778 hujus
1706 1707 1926 1765 scandali

117 1794 464 1863 turbarumque
505 1794 744 1865 reliquiae
787 1794 942 1846 adhuc
987 1811 1089 1847 non
1135 1795 1480 1866 superessent!
1565 1791 1745 1861 Neque
1788 1791 1927 1846 dicas

118 1878 469 1950 appellationes
504 1898 606 1932 non
642 1898 754 1945 esse
789 1878 973 1950 passim
999 1879 1340 1950 approbandas
1378 1878 1475 1931 nisi
1509 1878 1562 1931 in
1599 1877 1794 1931 casibus
1832 1895 1934 1946 exf

116 1963 288 2016 tremis
335 1982 394 2036 ac
438 1965 765 2033 neeessariiS,
803 1982 1083 2034 ,earumque
1137 1965 1343 2017 abusum
1398 1973 1545 2032 atque
1599 1962 1925 2034 frequentiam

117 2066 228 2101 esse
276 2049 559 2103 tollendam.
651 2049 710 2103 Si
774 2049 905 2103 enim
960 2050 1217 2121 appellatio
1273 2068 1304 2103 a
1351 2047 1496 2119 Papa
1549 2050 1611 2101 ad
1665 2049 1924 2102 concilium

117 2132 480 2188 oecumenicum
514 2144 754 2205 tanquam
790 2136 852 2188 ad
899 2135 1204 2206 superiorem
1241 2135 1587 2190 auctoritatem
1634 2153 1723 2206 per
1760 2152 1816 2187 se
1852 2134 1924 2187 le-

117 2219 288 2289 gitima
335 2230 451 2285 est,
493 2220 602 2287 quis
625 2217 885 2274 ¹⁸¹<cohihere
939 2220 1121 2291 poterit
1173 2221 1474 2292 appellantes
1530 2219 1826 2291 praesertim
1873 2220 1925 2271 in

118 2303 340 2359 materiis
371 2305 692 2374 dogmaticiS,
740 2305 857 2374 quin
893 2320 1036 2357 suum
1073 2323 1242 2358 casum
1279 2292 1560 2368 extremum
1597 2323 1657 2358 ac
1694 2316 1928 2365 necessa-²

119 2389 246 2440 rium
281 2390 636 2459 praetendant?
698 2389 882 2444 Nonne
918 2390 1050 2443 inter
1094 2408 1270 2444 causas
1307 2400 1358 2445 et
1395 2407 1542 2444 casus
1578 2390 1797 2459 maxime
1834 2407 1923 2442 ne-

117 2473 363 2526 cessarios
414 2473 484 2526 illi
537 2475 840 2545 potissimum
888 2485 1182 2540 censentur,
1238 2475 1322 2544 qui
1375 2476 1436 2528 ad
1487 2475 1598 2528 fidei
1645 2473 1925 2539 doctrinam

115 2557 399 2628 pertinent?
471 2558 606 2633 Data
658 2569 822 2613 autem
884 2559 1184 2615 adversariis
1248 2561 1341 2618 hac
1396 2561 1650 2624 libertate,
1714 2577 1923 2629 quonam

116 2642 290 2697 evadet
324 2642 491 2697 unitas
527 2644 637 2703 fidei
673 2663 781 2698 cum
818 2644 1077 2711 Romanae
1114 2645 1244 2698 sedis
1282 2645 1375 2698 fide
1404 2647 1516 2715 jure
1553 2645 1795 2716 primatus
1833 2664 1921 2698 ne-

117 2727 359 2791 cessaria,
404 2728 478 2780 uti
514 2730 824 2783 antecedenti
859 2749 1008 2801 opere
1043 2731 1431 2783 demonstratum
1468 2730 1721 2783 arbitror?
1796 2728 1923 2804 Cum

115 2811 281 2879 itaque
315 2811 436 2864 haec
470 2813 686 2883 pericula
731 2824 782 2877 et
828 2815 1060 2867 scandala
1094 2818 1285 2887 majora
1331 2826 1382 2868 et
1428 2815 1768 2884 frequentiora
1805 2805 1923 2879 sint,

117 2913 262 2963 quam
297 2895 382 2948 illa
414 2895 731 2950 >schismatum
769 2898 831 2950 ob
867 2897 1047 2950 incerti
1075 2900 1206 2968 juris
1242 2898 1542 2966 Pontifices3
1591 2901 1721 2953 ratio
1759 2910 1922 2953 autem

116 2980 266 3033 dictet
300 2980 433 3032 inter
468 2981 562 3033 duo
599 2981 828 3052 pericula,
850 2991 901 3034 et
935 2982 1088 3046 mala,
1126 3001 1252 3051 quae
1289 2985 1433 3036 simul
1469 2995 1717 3054 nequeant
1752 2977 1919 3050 vitari,

116 3064 230 3116 illud
264 3065 426 3136 potius
462 3067 749 3130 cavendum,
787 3066 912 3135 quod
949 3069 1107 3138 majus
1145 3078 1224 3120 est
1258 3078 1405 3138 atque
1441 3070 1773 3139 frequentiusg
1813 3071 1921 3139 quis

118 3151 218 3200 non
250 3148 495 3219 intelligat
531 3152 872 3204 scandalorum
908 3160 978 3210 eti
994 3151 1320 3221 periculorum
1375 3154 1572 3206 nomine
1608 3172 1710 3206 non
1745 3173 1922 3225 appro-

117 3232 345 3298 bandam,
381 3235 467 3287 sed
503 3237 702 3288 omnino
740 3235 1054 3307 rejiciendam
1093 3237 1490 3290 adversariorum
1527 3238 1826 3304 sententiam
1863 3240 1921 3293 de

112 3318 226 3386 jure
263 3313 591 3388 Conciliorum
637 3320 940 3391 generalium
983 3320 1036 3373 in
1073 3321 1331 3375 Romanos
1367 3321 1668 3388 PontificeS,
1716 3342 1920 3394 eamque

120 3401 280 3470 potius
316 3403 712 3473 amplectendam,
748 3424 872 3475 quae
909 3404 1222 3460 pontificiam
1260 3398 1605 3462 auctoritatem
1644 3428 1790 3480 supra
1815 3410 1921 3482 ipsa
