2326 3854
886 151 1550 210 ——234————

299 330 670 390 memorantur,
715 331 866 392 atque
916 329 1207 392 carpuntur.
1285 319 1582 376 Novitatem
1630 339 1754 376 vero
1803 322 1894 376 hae
1939 323 1992 377 iu
2042 344 2145 381 ma-

296 408 441 465 teria.
466 418 687 481 purgant
723 409 828 473 ina,
867 407 1048 477 quibus
1072 413 1310 481 majores
1336 429 1534 463 causae
1572 418 1625 463 et
1648 407 1976 481 Episcopales
2002 428 2146 481 prae-

298 496 471 550 sertim
528 496 582 550 in
621 495 894 550 Occidente
930 495 1012 549 vel
1060 495 1178 549 olim
1229 497 1290 550 ad
1327 494 1512 551 Sedem
1548 495 1900 568 Apostolicam
1957 498 2149 553 delatae

298 586 499 638 fuerunt
545 603 649 637 non
695 583 854 637 solnm
911 582 965 637 in
1019 601 1174 637 causa
1229 582 1602 657 appellationiS,
1658 602 1832 638 verum
1890 584 2040 639 etiam
2097 585 2150 639 in

297 672 584 743 quibusdam
623 669 989 743 Episcopornm
1040 671 1207 726 causis
1256 671 1447 744 primae
1498 671 1829 744 cognitioniS,
1877 673 1936 725 de
1974 673 2151 742 quibus

298 760 380 830 egi
427 758 491 811 in.
521 756 976 813 Observationibus
1027 759 1090 812 ad
1138 759 1341 813 dissert.
1394 779 1444 814 v.
1486 757 1747 827 Quesnelli
1792 769 1916 812 tom.
1956 760 2008 813 2.
2049 761 2151 816 edi-

296 845 451 900 tionis
489 844 546 900 S.
574 844 789 901 Leonis.
842 848 1123 901 Maximas
1151 865 1348 918 qnoque
1393 848 1754 902 Orientalium
1791 850 2070 903 Ecclesias
2095 852 2152 902 in

297 938 503 1005 magnis
541 938 788 1005 neyotiis,
827 938 883 987 in
923 936 1112 1005 quibus
1153 954 1289 1004 opus
1328 942 1467 989 esset
1502 937 1892 1005 disceptatione
1928 942 2153 1009 majore,

297 1025 475 1076 sedem
544 1041 756 1092 semper
819 1023 1152 1077 consuluisse
1211 1023 1542 1079 Romanam:
1613 1032 1694 1088 et,
1769 1027 1976 1093 quoties
2025 1044 2152 1079 usus

298 1113 498 1181 exeyit,
535 1116 648 1183 ey'us
688 1112 956 1165 auxilium
985 1113 1321 1181 postulasse,
1357 1119 1578 1166 testatur
1615 1109 1910 1166 Bonifacius
1947 1110 1984 1166 I.
2025 1109 2151 1183 (Ep.

301 1198 387 1252 15.
441 1197 560 1253 edit.
602 1195 875 1253 Constant.
929 1198 1026 1253 col.
1069 1198 1229 1253 1042.
1271 1197 1370 1271 (3.).
1449 1194 1579 1266 Quis
1625 1197 1831 1270 ignorat
1879 1198 1973 1253 hac
2008 1198 2062 1252 in
2098 1217 2156 1253 re

298 1285 509 1339 aliarum
545 1285 821 1358 insignium
857 1282 1061 1339 Sedium
1102 1285 1438 1341 Orientalium
1474 1285 1930 1358 praerogativam?
1967 1285 2154 1342 Antio-

298 1373 490 1427 chenae
529 1371 668 1435 Sedi,
703 1391 834 1443 quae
869 1370 931 1427 S:
970 1371 1186 1427 Petrum
1223 1373 1398 1428 habuit
1433 1383 1707 1439 auctorem,
1745 1392 1917 1428 nonne
1954 1373 2052 1430 hoc
2067 1377 2154 1446 jus

298 1461 350 1513 in
398 1470 508 1514 toto
557 1458 773 1515 Oriente
822 1460 1041 1531 ejusdem
1105 1457 1254 1514 Sedis
1305 1459 1547 1514 Antistiti
1583 1460 1884 1516 Alexandro
1934 1462 2156 1516 asseruit

300 1547 402 1620 (lh.
443 1567 522 1621 ep.
563 1549 651 1601 24.
693 1567 745 1603 n.
789 1548 839 1602 1.
888 1548 984 1602 col.
1025 1546 1198 1620 852.)
1229 1546 1554 1603 Innocentius
1592 1546 1672 1601 L?
1761 1549 1833 1603 Ut
1866 1552 2010 1603 sieut>
2043 1551 2156 1603 Me-

297 1639 662 1706 tropolitanos
720 1639 1044 1691 auctoritate
1095 1639 1320 1693 ordinas
1369 1640 1668 1708 stimulari,
1729 1641 1807 1691 sic
1855 1644 1907 1691 et
1951 1644 2156 1692 ceteros

297 1745 406 1779 non
445 1729 559 1779 sine
593 1729 864 1795 permissu
902 1727 1336 1796 conscientiaque
1373 1733 1469 1780 tua
1505 1729 1652 1781 sinas
1691 1727 1996 1799 Episcopos
2029 1744 2156 1795 pro·

299 1817 503 1866 curari.
556 1811 627 1867 Et
663 1813 915 1868 rationem
952 1822 1070 1886 post
1105 1831 1266 1885 pauca
1303 1813 1468 1867 addit:
1517 1814 1636 1875 Quo
1662 1817 1805 1868 enim
1829 1815 1892 1866 de
1918 1817 2167 1882 maxima*

299 1909 557 1972 expectat
581 1901 656 1973 (id
684 1911 782 1967 est,
817 1912 873 1954 ut
899 1901 1122 1973 explicat
1148 1898 1503 1970 Constantius,
1542 1904 1618 1956 ad
1641 1910 1691 1955 te
1709 1901 1979 1974 pertinet)
2007 1922 2159 1965 cura,

290 1994 594 2060 praecipue
632 1999 778 2044 tuum
805 1991 1000 2043 debent
1031 1994 1231 2043 mereri
1249 1994 1544 2063 judicium.
1624 1986 1789 2057 Quem
1826 1999 2028 2044 textum
2054 1999 2156 2045 non

298 2077 549 2131 immerito
589 2077 955 2134 commendavit
990 2075 1239 2131 Nicolaus
1274 2075 1315 2130 I.
1357 2077 1504 2150 epist.
1543 2078 1634 2132 42.
1674 2096 1728 2130 n.
1767 2077 1821 2131 9.

445 2161 579 2232 Quid
617 2165 779 2219 dicam
817 2165 876 2220 de
915 2162 1025 2220 CP.
1065 2162 1336 2236 Episcopo,
1376 2175 1639 2237 postquam
1667 2161 2159 2236 Constantinopolim

298 2252 501 2326 Imperii
546 2250 707 2309 Sedes
756 2254 1012 2308 translata
1059 2254 1172 2308 est?
1247 2250 1493 2307 Socrates
1542 2253 1630 2307 lib.
1670 2252 1723 2308 3.
1776 2270 1819 2306 c.
1861 2251 1950 2307 28.
1997 2251 2159 2323 legem

301 2350 548 2397 memorat
584 2340 763 2397 Attico
787 2337 1061 2414 EpiscopO,
1099 2362 1209 2413 qua
1246 2345 1509 2395 sancitum
1549 2348 1646 2406 est,
1682 2360 1753 2395 ne
1780 2347 2009 2409 praeter
2047 2359 2160 2394 sen-

301 2433 520 2485 tentiam
571 2430 839 2500 Episcopi
895 2430 1485 2500 constantinopolitani
1531 2430 1651 2483 ulla
1692 2433 1797 2499 fiat
1845 2429 2160 2482 Sacerdotis

302 2516 378 2588 (id
436 2527 516 2574 est
562 2515 831 2590 Episcopi)
880 2520 1172 2572 ordinatio.
1273 2515 1443 2571 Extat
1493 2534 1689 2587 quoque
1740 2513 2020 2571 Theodosii
2055 2518 2162 2571 ,lex

303 2603 461 2676 (Cod.
513 2603 711 2659 Theod.
767 2605 852 2659 lib.
895 2605 1118 2661 Iti-tit.
1159 2605 1210 2660 l.
1265 2604 1333 2660 L.
1381 2602 1505 2673 45.)
1551 2603 1612 2657 ad
1662 2600 1947 2674 Philippum
1995 2603 2160 2658 Prae-

301 2695 486 2748 fectum
525 2692 783 2765 praetorio
820 2691 1010 2764 Illyrici
1045 2692 1388 2764 praecipiens,
1427 2700 1486 2745 ut
1521 2690 1575 2745 in
1612 2688 1916 2762 Illyricianis
1953 2689 2158 2761 provin-

303 2782 426 2847 ciis,
477 2783 692 2855 siquid
727 2781 1016 2836 dubietatis
1066 2783 1370 2843 emerserit3
1417 2781 1479 2833 id
1515 2785 1768 2848 oporteat
1802 2796 1911 2830 non
1962 2778 2160 2848 absque

303 2873 542 2924 scientia·
565 2873 670 2925 viri
703 2870 1120 2923 reverentissimi
1156 2875 1537 2921 sacrosanctae
1565 2868 1700 2937 lepis
1734 2867 1987 2919 antistitis
2013 2867 2163 2919 urbis

311 2959 961 3030 Constantinopolitanae,
1001 2974 1140 3027 quae
1167 2955 1376 3009 Romae
1401 2958 1594 3009 veteris
1626 2956 2020 3024 praeroqativa
2057 2955 2162 3006 lae-

303 3053 478 3109 tatur,
541 3049 827 3101 conventui
882 3044 1216 3099 sacerdotali
1270 3050 1566 3114 sanctoque
1597 3043 1819 3114 judicio
1852 3043 2162 3094 reservari.

304 3133 445 3188 Haec
483 3133 765 3188 reservatio
816 3132 864 3186 ei
901 3132 1223 3185 fundamento
1260 3129 1468 3196 innixa,
1519 3129 1651 3200 qnod
1690 3125 2162 3198 Constantinopoli-

306 3232 429 3275 tana
466 3222 586 3275 urbs
627 3221 836 3275 Romae
873 3223 1066 3273 veteris
1098 3222 1494 3289 praeroyativa
1533 3220 1796 3277 laetatum
1835 3232 2005 3269 nonne
2040 3233 2164 3267 ean-

306 3310 415 3362 dem
452 3307 865 3380 praerogativam
895 3309 1016 3379 jure
1052 3305 1241 3379 potiori
1287 3306 1529 3359 tributam
1582 3301 1858 3377 praesumit
1895 3300 2165 3354 Romanae

307 3395 444 3449 urbis
491 3393 772 3468 EpiscopO,
819 3404 875 3448 ut
922 3394 976 3448 in
1020 3393 1191 3449 causis
1238 3393 1596 3456 difficilioribus
1650 3389 1772 3444 nihil
1820 3389 2008 3460 absque
2057 3388 2163 3458 ejus

309 3482 522 3537 scientia
562 3493 711 3553 atque
750 3500 1003 3537 consensu
1027 3482 1208 3536 ficret?
1248 3480 1522 3550 Revocatav
1553 3476 1750 3548 quidem
1786 3477 1959 3532 eadem
1987 3473 2156 3529 Theo-
