2326 3854
899 161 1565 221 ——182—--

297 327 499 382 saltem
526 330 859 402 delegationis
897 330 1229 401 Apostolicae
1264 323 1538 404 Episcopis
1591 331 1879 430 impeititae
1932 337 2005 390 ita
2040 357 2159 410 pro-

297 415 439 483 vidit,
479 427 533 475 ut
571 436 635 472 ne
672 427 843 471 tamen
882 416 1183 472 Pontificiae
1216 419 1511 473 mauctolitati
1549 420 1815 491 quicquam
1853 421 2159 480 detraheret

297 501 446 572 Quod
483 506 525 558 si
547 490 881 570 Febronius,
930 503 1015 575 qui
1054 506 1171 559 hoc
1185 505 1521 578 delegationis
1560 507 1830 561 remedium
1863 529 1900 564 a
1941 503 2163 565 Triden-

296 593 405 645 tino
457 594 736 665 appositum
787 602 962 667 aperte
1010 593 1251 648 damna1e
1299 612 1358 648 ac
1420 594 1792 666 reprehendere
1841 614 1944 651 non
1991 598 2162 666 ausus,

296 699 391 735 nec
430 699 499 733 ex
547 680 788 735 abusibus
819 690 1190 753 exemptarum
1222 683 1310 756 jus
1347 682 1697 754 Apostolicum
1734 683 1787 736 in
1824 684 1947 757 ipsis
1986 679 2164 750 exem-

296 767 553 841 ptionibus
593 767 924 822 concedendis
963 769 1192 822 absolute
1218 787 1410 840 negare
1435 762 1624 841 potuit,
1648 771 1726 823 >ob
1755 772 1950 843 aliquos
1975 783 2163 840 tamen,

297 855 382 926 qui
419 856 578 909 adhue
617 866 891 928 supersunt
929 858 1146 923 abuSuS,
1171 880 1174 882 ’
1199 857 1610 910 et'abutentium
1636 858 1762 912 vitio
1800 862 1907 914 fere
1946 861 2164 916 inevita-

296 943 424 997 biles
464 953 598 1009 sunt,
638 944 700 996 ad
740 962 923 998 omnesv
944 937 1144 997 abusus‘
1166 945 1414 998 tollendos
1441 955 1770 998 memoratam
1795 948 2163 1020 delegationem

297 1030 684 1085 insufficientem
725 1032 988 1104 judicanS,
1057 1033 1410 1105 exemptiones
1466 1032 1604 1105 ipsas
1662 1034 1866 1087 omnino
1892 1055 1893 1058 ¹
1916 1036 2163 1090 tollendas

297 1118 633 1190 significavit,
671 1120 823 1175 velim
862 1121 1168 1187 consideret,
1207 1140 1324 1174 num
1363 1121 1410 1174 id
1439 1122 1664 1175 absolute
1702 1131 1907 1176 tentare
1944 1124 1997 1176 in
2025 1119 2164 1177 aediss

295 1206 605 1264 ficationem
635 1205 899 1262 Ecclesiae
950 1219 1089 1262 esset
1139 1227 1426 1275 cessurum,
1477 1209 1537 1262 de
1587 1228 1684 1279 quo
1733 1207 1973 1282 legenda,
2035 1224 2165 1282 quae

297 1294 576 1350 afferentur
616 1295 836 1368 capite
856 1307 1029 1350 sexto,
1092 1295 1296 1351 Nunc
1354 1297 1546 1366 aliquot
1600 1296 1860 1368 generalia
1915 1297 2165 1371 principia

293 1382 684 1452 praemittenda,
724 1395 854 1452 quae
892 1383 1008 1436 aliis
1035 1393 1188 1455 atque
1226 1384 1337 1478 aliis
1357 1382 1659 1438 Pontificiae
1695 1385 1964 1457 potestatis
1989 1386 2163 1439 usibus

294 1467 610 1526 vindicandis
648 1468 950 1524 inserviant.
1010 1517 1012 1519 .
1455 1490 1457 1492 ·

443 1558 495 1611 7.
575 1555 657 1615 De
707 1568 944 1629 suprema
993 1555 1299 1612 Pontificum
1346 1567 1602 1630 potestate
1659 1558 1713 1610 in
1769 1558 2041 1613 limitandis
2079 1562 2163 1616 vel

293 1644 614 1698 moderandis
651 1643 1023 1718 Episcoporum
1073 1646 1428 1711 facultatibus,
1475 1645 1672 1716 quando
1705 1644 1760 1698 'id
1805 1646 1863 1699 -in
1900 1645 2180 1702 Ecclesiae-

291 1732 478 1785 bonum
520 1732 752 1805 judicent
800 1733 1070 1806 expedire,
1123 1751 1196 1787 ex
1252 1732 1546 1788 constitutis·
1593 1732 1811 1787 dubitari
1859 1752 1961 1788 non
1994 1751 2163 1809 *posse

291 1819 508 1875 videtur„
586 1817 783 1888 Quodsi
830 1839 903 1876 ex
951 1814 1378 1893 subsequentibus
1412 1820 1652 1875 abusibus
1690 1822 1989 1894 detegatur,
2023 1809 2164 1896 ejus-

293 1906 442 1961 modi·
465 1908 795 1963 limitationes
835 1911 896 1963 ab
935 1907 1041 1963 illis
1071 1911 1234 1964 factas
1273 1928 1375 1963 non
1414 1909 1633 1964 cessisse
1671 1909 1723 1962 in
1747 1911 2161 1981 aedificationem,

295 1997 385 2050 sed
420 1997 474 2050 in
513 1988 937 2065 destructionem3
990 1999 1181 2071 duplex
1219 1997 1450 2069 quaestio
1491 1997 1845 2068 distinguenda
1883 2008 1991 2064 est,
2013 2063 2017 2066 ᾖ
2043 2015 2160 2052 num

295 2084 387 2138 bac
447 2084 501 2137 in
555 2086 828 2158 hypothesi
896 2086 1099 2140 eaedem
1154 2085 1483 2146 limitationes
1549 2085 1750 2151 licitae,
1816 2085 1899 2140 vel
1928 2075 2163 2141 >illicitae

294 2172 513 2240 fuerint,
564 2192 630 2227 an
680 2192 808 2229 vero
859 2174 1011 2227 etiam
1072 2171 1315 2227 irritatas
1358 2169 1487 2227 Cum
1550 2170 1746 2226 Summi
1776 2171 2062 2248 'Pontifices
2092 2192 2166 2231 ea-

294 2276 530 2333 suprema
566 2271 822 2335 potestate
861 2262 939 2316 usi
977 2278 1065 2316 eas
1103 2260 1430 2314 limitationes
1477 2269 1796 2330 sanxerunt,
1844 2260 1909 2314 id-
1923 2256 2164 2335 justa-de

295 2367 503 2415 causa,
540 2368 670 2421 quae
727 2351 781 2403 in
838 2352 1021 2404 bonum
1074 2359 1128 2403 et
1183 2348 1584 2402 aedificationem
1646 2349 1875 2416 cederet,
1934 2351 2164 2404 fecerunt

294 2455 524 2510 semper,
562 2439 644 2492 vel
680 2440 863 2499 fecisse
901 2437 1255 2512 praesumendi
1292 2446 1462 2506 sunt,
1490 2455 1557 2491 ne
1601 2437 1662 2491 de
1710 2437 1928 2509 supremi
1969 2438 2166 2492 hiet-aiu

294 2524 419 2578 chae
455 2525 636 2595 gestiS,
675 2524 805 2597 q'uae
842 2527 924 2581 vel
959 2526 1013 2578 in
1052 2527 1200 2579 dubio
1239 2525 1294 2577 in
1331 2535 1526 2597 partem
1576 2523 1834 2578 meliorem
1871 2533 2009 2579 sunt
2029 2525 2166 2579 amia

291 2611 496 2683 pienda,
535 2613 806 2667 infer-iores
844 2624 1039 2667 temere
1069 2611 1327 2684 judicenta
1392 2610 1451 2663 In
1490 2611 1703 2682 singulis
1741 2612 1939 2681 quidem
1978 2611 2162 2666 Panti-

291 2698 418 2752 ficiis
467 2698 884 2766 limitationibus,
924 2700 1065 2753 'sicut
1112 2709 1165 2753 et
1207 2698 1262 2751 in
1311 2697 1799 2770 dispensationibus,
1849 2699 2017 2770 aliqua
2054 2702 2164 2754 fere

293 2805 493 2859 semper
522 2789 665 2860 justa
702 2788 926 2842 occurrit
963 2787 1111 2853 ratio,
1151 2803 1224 2840 ex
1263 2786 1578 2857 qua‘bonum
1618 2786 1870 2858 publicum*
1901 2782 1954 2840 et
1983 2787 2163 2842 aedifi-

294 2875 426 2928 catio
474 2873 742 2939 Ecclesiae
800 2875 981 2930 'deduci
1035 2883 1222 2947 potest.
1319 2871 1640 2946 praejudicia
1696 2884 1750 2928 et·
1804 2870 2017 2940 abusus,
2075 2874 2165 2945 qui

294 2963 504 3017 subinde
560 2965 863 3036 deteguntm
877 3005 890 3031 ,
949 2982 1019 3017 ex
1074 2962 1287 3016 aliorum
1344 2962 1486 3033 culpa
1541 2961 1885 3034 proveniunt3
1930 2961 2161 3043 idemque

293 3048 616 3119 FebroniuS,
642 3052 749 3124 qui
764 3071 855 3125 pro
895 3066 987 3106 sua
1023 3052 1076 3104 in
1103 3049 1380 3103 Pontifices
1407 3050 1748 3105 observantia
1772 3048 1894 3101 istis
1922 3047 2160 3103 vitiosam

294 3157 497 3192 causam
530 3159 639 3193 non
679 3139 830 3193 audet
867 3139 1162 3212 appingere,
1204 3139 1444 3191 abusuum
1484 3137 1734 3209 originem
1772 3136 1855 3191 vel
1892 3135 1947 3188 in
1975 3134 2100 3190 Cui
2085 3155 2159 3190 ia·-

292 3227 393 3293 leS,
442 3228 522 3282 vel
559 3227 613 3280 in
659 3228 801 3282 alios
828 3229 1094 3282 abutentes
1133 3235 1388 3299 potestate
1434 3225 1519 3280 vel
1565 3223 1977 3278 concessionibus
2014 3223 2158 3297 Apo-

294 3314 485 3368 stolicis
524 3315 738 3389 rejicere
776 3317 923 3370 solet.
1001 3314 1155 3368 Multi
1206 3333 1331 3368 sane
1381 3295 1809 3386 dispensationum
1850 3312 2159 3383 aliarumque

293 3402 575 3473 gratiarum
602 3405 808 3474 abusus,
846 3404 931 3476 qui
968 3403 1256 3458 scandalum
1295 3409 1563 3473 generant,
1601 3399 1884 3472 obieptioni
1923 3401 2006 3455 vel
2032 3399 2157 3454 sub-

295 3489 513 3560 reptioni
552 3491 829 3563 petentium
866 3495 986 3544 s'unt
1023 3488 1369 3553 adscribendi}
1410 3486 1550 3541 multi
1589 3486 1742 3541 etiam
1781 3487 2155 3544 conniventium
