2326 3854
920 220 1100 256 XXXIX

111 366 162 418 in
208 378 441 434 persona
486 359 550 415 Β.
582 359 765 433 Petri,
822 359 920 414 sed
963 360 1032 413 ah
1076 356 1332 412 Ecclesia
1376 357 1699 428 potestatem
1743 356 1909 408 mini-

110 449 261 504 sterii
306 448 557 520 accipiat,
603 463 709 518 qua
752 446 904 501 velut
949 443 1098 499 Petri
1127 441 1455 516 Successor,
1503 457 1668 494 verus
1704 435 1912 494 Christi

109 535 177 587 V
164 550 363 588 icauus
421 550 485 587 ac
540 532 705 586 totius
747 528 1041 585 Ecclesiae
1087 526 1268 602 Caput
1319 527 1488 601 pollet
1545 527 1598 580 in
1656 527 1912 580 universa

113 619 398 691 Ecclesia,
447 646 525 656 -—-
573 616 871 669 haeretica.

235 703 392 758 Istae
423 702 738 757 haereticae
797 702 1195 773 propositiones
1241 717 1504 773 erroneo,
1557 703 1622 762 με
1667 699 1913 754 omnibus

111 788 546 845 manifestissime
591 788 763 860 patet,
807 787 1102 842 innituntur
1138 785 1510 860 fundamento,
1557 785 1754 840 claves
1789 782 1912 838 im-

111 872 370 929 mediate
400 870 715 929 Ecclesiae
761 891 800 925 a
837 870 1081 926 Christo
1127 872 1312 924 datas
1353 887 1497 929 esse.
1569 869 1746 938 Quum
1779 886 1913 924 vero

111 960 450 1033 apertissime
495 975 690 1014 sacrae
734 957 981 1014 Litterae
1026 961 1312 1031 testentur,
1357 955 1524 1011 Petro
1573 975 1669 1013 eas
1713 958 1913 1011 imme-

110 1047 253 1102 diate
299 1063 334 1099 a
379 1041 600 1101 Christo
647 1061 775 1101 esse
819 1045 1079 1117 collatas,
1128 1048 1186 1098 ut
1222 1042 1527 1098 adversarii
1570 1042 1705 1098 illud
1750 1043 1914 1096 evin-

111 1135 318 1205 cerent,
365 1133 824 1204 interposuerunt,
870 1147 904 1184 a
933 1128 1099 1185 Petro
1130 1127 1444 1184 Ecclesiam
1474 1127 1647 1183 fuisse
1676 1144 1914 1201 reprae—

112 1221 397 1272 sentatam.
464 1214 661 1288 Utique
688 1214 893 1271 Petrus
931 1216 1380 1288 repraesentabat
1413 1212 1749 1287 Ecclesiam,
1795 1231 1916 1268 cum

112 1304 299 1358 claves
345 1321 377 1356 a
423 1298 643 1356 Christo
706 1303 1014 1375 acciperet,
1073 1305 1129 1355 at
1185 1305 1245 1356 ut
1290 1296 1473 1373 Caput
1523 1303 1579 1355 et
1622 1297 1916 1354 Ecclesiae

113 1389 516 1443 fundamentum
560 1405 593 1442 a
639 1384 863 1442 Christo
908 1388 1261 1442 constitutus:
1322 1391 1378 1440 et
1422 1387 1500 1440 sic
1545 1384 1807 1441 Ecclesia
1862 1386 1917 1438 in

112 1473 172 1530 S.
197 1474 361 1530 Petro
388 1475 599 1546 accepit
625 1474 844 1548 claves,
876 1478 935 1529 ut
962 1473 1153 1530 schola
1182 1474 1438 1547 loquitur,
1465 1468 1780 1543 finaliter,-
1810 1487 1917 1525 non

114 1566 295 1615 autem
323 1561 538 1633 proprie
575 1563 630 1614 et
654 1558 1041 1631 formaliter.-
1073 1560 1336 1632 siquidem
1364 1557 1564 1614 Petrus
1596 1560 1917 1614 constitutus

114 1647 396 1719 potestatis
426 1645 835 1700 ecclesiasticae
864 1645 1230 1701 immediatum
1258 1646 1591 1719 subjectum,
1628 1643 1838 1700 Doctor
1865 1647 1921 1697 et

114 1731 279 1787 Pater
322 1732 648 1787 universalis
679 1729 968 1787 Ecclesiae
991 1770 1009 1805 ,
1057 1728 1321 1786 Centrum
1350 1732 1570 1784 unitatis
1604 1747 1710 1785 nou
1743 1730 1920 1785 solum

116 1817 239 1872 fidei
285 1816 383 1871 sed
429 1819 484 1870 et
519 1816 857 1872 obedientiae
892 1813 1241 1872 Christianae
1285 1814 1601 1890 societatiS,
1647 1817 1736 1870 cui
1781 1817 1917 1870 sub-

115 1906 221 1958 sint
265 1903 394 1975 agni
428 1906 483 1956 et
513 1919 680 1958 oves:
728 1906 783 1957 ct
812 1904 1017 1975 pariter
1042 1904 1218 1959 ceteri
1254 1901 1532 1977 Apostoli,
1579 1903 1735 1957 salvo
1765 1899 1919 1956 Petri

115 1991 364 2062 primatu,
399 1994 728 2061 acceperunt
758 1989 968 2063 claveS,
1004 1993 1092 2044 ast
1121 2005 1227 2044 non
1259 1989 1421 2043 aliter
1449 1989 1555 2043 nisi
1585 2006 1706 2043 cum
1727 1985 1918 2057 Petro,

115 2078 299 2147 utpote
331 2090 430 2129 suo
454 2072 715 2149 Primate,
761 2076 1051 2143 conjuncti.
1117 2074 1316 2130 Petrus
1349 2091 1509 2149 erge,
1554 2091 1662 2129 non
1693 2078 1751 2129 ut
1781 2091 1919 2146 per-

116 2177 250 2216 sona
293 2161 530 2234 privata,
577 2160 676 2214 sed
720 2164 779 2223 ut
825 2157 1008 2234 Caput
1052 2165 1107 2216 et
1151 2160 1558 2216 fundamentum
1603 2159 1919 2230 Ecclesiae,

118 2247 329 2317 accepit
351 2245 560 2318 claves,
592 2250 650 2300 ut
679 2247 759 2301 ita
780 2245 956 2301 dicam
989 2245 1219 2317 active5
1262 2246 1503 2302 fidelium
1533 2251 1717 2303 autem
1741 2243 1920 2301 Com-

117 2332 349 2385 munitas
391 2330 662 2402 passive,
723 2332 1149 2404 quandoquidem
1194 2334 1249 2386 in
1294 2333 1533 2388 fidelium
1584 2333 1922 2388 commodum

120 2421 174 2471 et
227 2414 653 2471 aedificationem
711 2417 1017 2472 adhibenda
1072 2423 1157 2472 est
1212 2422 1458 2490 potestas
1526 2418 1920 2474 ecclesiastica.

244 2500 423 2556 Probe
468 2503 666 2556 scimus
692 2501 910 2559 Galliae
952 2502 1278 2577 Theologos
1324 2504 1608 2578 quosdam,
1653 2504 1779 2558 dum
1819 2521 1931 2558 as-*

117 2592 303 2642 serunt
329 2587 525 2641 claves
552 2586 870 2642 Ecclesiae
899 2590 1103 2660 datas,
1133 2606 1239 2644 non
1264 2607 1482 2664 semper
1517 2591 1613 2646 sibi
1640 2595 1921 2661 constare3

119 2691 239 2728 nam
272 2691 371 2746 per
399 2672 712 2729 Ecclesiam
749 2670 1260 2751 modo'docentem,
1306 2676 1465 2732 modo
1498 2676 1738 2731 fidelium
1784 2694 1921 2731 coe-

119 2766 231 2814 tum
252 2759 580 2833 intelligunt.
653 2759 971 2833 ltaquoque
993 2763 1304 2816 inconstans
1336 2764 1434 2817 sibi
1461 2761 1758 2817 Richerius
1794 2762 1923 2834 fuit3

120 2848 402 2916 postquam
433 2846 571 2898 enim
604 2848 859 2921 asseruit,
905 2851 1072 2902 totam
1093 2848 1526 2917 jurisdictionem
1557 2851 1776 2922 proprie
1800 2847 1921 2903 Ec-

121 2929 324 2983 clesiae
370 2929 551 2983 datam
597 2944 743 3001 esse,
789 2939 970 2987 tamen
1016 2932 1240 3008 adjecit,
1283 2931 1563 2991 Christum
1615 2935 1923 2991 immediate

121 3019 176 3069 et
217 3031 315 3088 per
361 3031 422 3070 se
469 3015 656 3069 claves
700 3018 817 3072 sive
865 3018 1298 3087 jurisdictionem
1325 3015 1332 3019 ’
1359 3020 1531 3076 ordini
1583 3021 1923 3076 hierarchice

121 3102 414 3156 contulisse
459 3116 558 3174 per
601 3094 960 3160 immediatam
1004 3109 1069 3159 et
1094 3106 1304 3160 realem
1348 3109 1584 3162 omnium
1613 3105 1923 3179 Apostolo-

120 3195 238 3241 rum
283 3191 338 3242 et
380 3187 766 3260 discipulorum
796 3189 1106 3244 missionem
1139 3188 1248 3265 (cf.
1268 3189 1319 3242 V
1326 3192 1436 3244 eith
1466 3208 1599 3266 pag.
1621 3189 1752 3267 9.)3
1785 3192 1924 3266 quod

119 3273 421 3328 Febronius
467 3274 669 3347 aliique
715 3277 790 3331 ita
829 3276 1139 3349 conciliant,
1186 3281 1244 3332 ut
1278 3276 1584 3346 jurisdictio
1616 3278 1924 3334 immediate

122 3376 152 3411 a
177 3355 398 3414 Christo
429 3357 718 3434 Episcopis
764 3361 865 3415 dici
912 3363 1084 3434 possit
1115 3378 1397 3439 concessa,
1444 3365 1570 3436 quia
1603 3366 1682 3419 sic
1713 3363 1922 3420 Eccle-

123 3446 237 3500 siae
285 3447 352 3502 ab
384 3446 503 3519 ipso
534 3446 731 3505 collata
764 3446 961 3530 fuerit,
1008 3466 1041 3503 a
1072 3465 1178 3521 qua
1205 3450 1307 3523 ipsi
1339 3467 1460 3506 eam
1485 3448 1737 3522 habeant.
