2326 3854
791 177 1436 237 ——245———-

217 349 487 393 Pontificatus
517 349 772 392 renunciatio
803 360 896 388 num
926 350 1062 392 liceat.
1091 344 1164 389 84.

217 413 410 451 Potestas
438 408 658 450 Pontificia
697 409 739 447 in
771 408 1007 459 quibusdam
1037 406 1199 446 casibus
1237 416 1318 446 non
1349 383 1560 455 neganda,
1608 415 1658 443 eo
1689 404 1797 454 quod
1838 405 2020 456 antiquis

276 469 526 521 temporibus
555 469 598 508 iu
627 469 744 507 actus
773 478 855 507 non
884 466 1051 517 prodiit.
1082 461 1182 506 231.

218 530 410 569 Potestas
440 538 628 578 suprema
645 526 921 567 Romanorum
940 524 1197 566 Pontificum.
1228 518 1299 566 21.
1332 535 1405 562 cur
1433 522 1490 562 sit
1519 532 1619 564 vere
1643 531 1847 571 suprema
1876 521 1918 560 in
1941 522 2020 562 Ec-

277 587 415 628 clesia.
450 580 545 628 165
577 596 657 623 non
687 587 821 623 tamen
852 585 956 625 sola.
993 578 1089 625 171.
1151 583 1235 622 Cur
1263 582 1329 622 sit
1349 582 1474 622 etiam
1504 580 1642 631 plena.
1669 579 1744 622 Ibi.

218 646 447 686 Potestatis
477 643 724 685 Pontificiae
759 642 980 694 plenitudo
1021 642 1248 693 explicata,
1296 643 1338 680 et
1379 639 1600 682 vindicata.
1642 633 1740 683 172.
1788 650 1868 689 quo
1898 650 2020 679 sensu

276 705 408 756 possit
439 704 587 744 omnia.
626 701 700 743 Ibi.
762 703 844 741 Cur
873 712 952 740 non
983 699 1131 740 afferat
1161 700 1426 751 impotentem
1468 702 1511 738 et
1540 697 1800 738 arbitrarium
1840 697 2023 739 domina-

275 767 371 805 tum.
416 757 512 804 173.
573 759 795 800 Distinctio
827 760 936 799 inter
963 763 1078 800 usum
1117 762 1161 799 et
1190 758 1359 800 abusum
1387 757 1624 815 potestatis.
1666 751 1761 800 160.
1829 756 2020 808 nbjectio

209 858 212 859 ι
277 834 329 861 ex
357 819 626 872 praesumptis
646 818 889 859 Pontificiae
919 818 1138 870 potestatis
1167 817 1369 872 abusibus
1392 816 1648 868 expenditur.
1683 811 1781 859 176.
1819 816 2020 862 Abusuum

276 880 393 930 origo
425 872 678 920 unde-182.
724 877 791 917 Ex
811 878 1002 917 abusibus
1031 889 1114 919 non
1142 866 1331 928 neganda
1360 879 1546 927 potestas
1579 874 1744 915 aliunde
1763 878 1889 917 certa.
1925 871 2021 918 183.

276 938 320 978 In
348 938 533 978 materiis
563 937 806 999 disciplinae
838 948 942 987 quae
970 936 1198 977 moderatio
1229 935 1452 987 potestatis
1481 935 1537 974 sit
1565 933 1811 976 adhibenda.
1846 929 1943 977 177.

216 997 492 1048 Praescriptio
522 1008 615 1037 num
643 995 793 1036 habeat
822 996 954 1038 locum
983 996 1027 1035 in
1057 995 1283 1036 canonibus
1310 987 1698 1045 disciplinae.193.

216 1056 421 1095 Primatus
452 1069 478 1095 a
505 1055 689 1095 Romano
720 1054 927 1106 Episcopo
957 1055 1101 1106 nequit
1130 1054 1173 1094 in
1202 1054 1324 1094 alium
1354 1053 1601 1105 Episcopum
1632 1055 1704 1092 aut
1732 1052 1854 1094 aliam
1885 1052 2022 1092 sedem

276 1115 524 1154 auctoritate
553 1114 768 1154 Ecclesiae
797 1113 1027 1155 transferri.
1058 1108 1159 1154 217.

218 1174 438 1213 Primatum
466 1174 690 1213 Romanum
721 1174 764 1215 S.
783 1172 1011 1223 Cyprianus
1039 1176 1163 1211 vocat
1196 1171 1492 1222 Principatum
1522 1170 1571 1209 in
1600 1170 1800 1210 universa
1834 1169 2023 1210 Ecclesia

277 1233 503 1272 institutum
547 1245 571 1270 a
610 1231 785 1272 Christo.
827 1226 925 1272 220.
982 1230 1465 1281 eiquexjurisdictionem
1505 1229 1753 1280 peculiarem
1793 1233 2024 1280 competere

277 1291 456 1342 agnovit.
488 1286 588 1334 221.
647 1290 877 1331 Discrimen
907 1290 1014 1329 inter
1034 1289 1198 1328 Petrum
1230 1292 1272 1328 et
1301 1287 1405 1327 alios
1440 1287 1657 1342 Apostolos
1687 1284 1846 1327 ratione
1874 1288 2023 1339 prima·

276 1353 341 1389 tus
373 1349 505 1400 quale.
539 1342 603 1391 13.
664 1347 733 1388 Jus
762 1348 959 1399 primatus
990 1351 1053 1388 est
1075 1349 1145 1399 jus
1175 1348 1217 1386 in
1249 1347 1388 1386 omnes
1429 1345 1553 1387 etiam
1583 1347 1799 1386 collective
1829 1351 2023 1398 sumptos.

275 1407 349 1449 Ibi.
392 1401 462 1446 58.
501 1401 572 1449 63.
634 1407 820 1446 Censura
849 1405 1300 1458 afficta-propositioni.
1341 1401 1411 1446 44.
1457 1407 1566 1444 inter
1597 1405 1808 1446 damnatas
1844 1404 1886 1444 in
1919 1407 2021 1446 Con-

277 1466 506 1514 stantiensi‚
538 1478 640 1516 quae
672 1466 863 1517 exprimit
892 1466 1001 1504 solas
1033 1465 1245 1505 Ecclesias
1275 1465 1558 1516 particulares,
1589 1465 1790 1515 quomodo
1821 1463 1920 1503 nihil
1953 1465 2024 1503 ob-

278 1526 347 1564 sit.
377 1520 447 1566 61.
479 1519 518 1563 n.
537 1522 578 1566 9.
638 1525 860 1565 Distinctio
890 1525 942 1563 ab
973 1523 1224 1563 adversariis
1254 1524 1415 1574 ingesta
1449 1523 1502 1563 de
1533 1524 1717 1563 omnibus
1749 1524 2025 1573 distributive,

278 1595 358 1623 non
389 1587 523 1622 autem
553 1584 769 1623 collective
798 1583 969 1635 sumptis
998 1584 1164 1633 rejecta.
1204 1577 1277 1624 64.
1320 1593 1358 1625 ιι.
1393 1577 1456 1624 12.
1519 1580 1750 1634 Ορρσιιίιιιι·
1781 1586 1953 1623 naturae
1984 1588 2025 1621 et

279 1642 349 1681 fini
379 1643 592 1694 primatus,
633 1637 703 1685 62.
743 1654 783 1684 ιι.
816 1638 882 1681 10.
924 1645 965 1682 et
994 1638 1065 1684 64.
1136 1643 1204 1682 Jus
1234 1642 1276 1680 in
1308 1654 1448 1681 omnes
1478 1641 1696 1682 collective
1733 1637 1912 1693 sumptos
1943 1653 2024 1680 non

276 1706 359 1741 tam
390 1713 442 1740 ex
471 1701 612 1740 divino
636 1702 730 1751 Jure
758 1701 965 1752 provenit,
999 1712 1118 1752 quam
1149 1712 1200 1740 ex
1228 1701 1404 1741 naturali
1435 1701 1592 1742 ordinis
1616 1701 1723 1751 Jure.
1767 1696 1837 1744 13.
1869 1705 1954 1742 not.
1989 1697 2023 1740 l.

276 1760 323 1799 Id
354 1760 581 1810 explicatur
605 1772 654 1799 ex
680 1760 820 1803 Paulo.
850 1760 925 1800 Ibi.
957 1763 998 1800 et
1030 1772 1080 1799 ex
1110 1760 1356 1799 necessitate
1386 1759 1655 1810 subjectionis
1685 1764 1808 1812 atque
1839 1760 2025 1799 subordi-

277 1819 478 1865 nationis,
513 1830 616 1870 quae
646 1819 698 1858 ab
728 1819 992 1859 inferioribus
1021 1820 1193 1859 debetur
1219 1820 1422 1870 superiori
1453 1820 1664 1871 potestati.
1700 1816 1766 1862 ⁴4.

219 1878 424 1918 Primatus
454 1878 518 1917 vis
549 1881 748 1929 quatenus
775 1879 915 1930 vigeat
946 1879 1071 1918 etiam
1101 1878 1202 1917 sede
1232 1882 1422 1919 vacante.
1472 1875 1540 1919 12.
1578 1882 1664 1921 not.
1701 1874 1767 1922 10.
1838 1878 1953 1930 Papa
1983 1880 2025 1917 vi

276 1938 471 1988 primatus
502 1938 688 1988 superior
717 1941 781 1977 est
809 1938 992 1989 quolibet
1022 1938 1196 1977 concilio
1227 1938 1351 1978 etiam
1381 1938 1580 1989 generali.
1624 1933 1723 1981 137.
1786 1938 2024 1978 Jurisdictio

278 1996 474 2048 primatus
504 2007 584 2035 non
616 1997 668 2036 ab
700 1997 943 2036 electoribus
974 1997 1123 2049 Papae,
1157 1997 1230 2036 sed
1260 2009 1287 2036 a
1316 1998 1404 2037 Deo
1435 1997 1848 2038 immediate-collata
1877 1998 2024 2038 electo.

278 2049 378 2096 215.
437 2054 550 2093 Nulli
578 2054 732 2095 homini
770 2055 927 2096 tradita
966 2068 991 2095 a
1020 2056 1107 2095 Deo
1147 2059 1333 2107 potestas
1364 2067 1489 2108 supra
1518 2058 1684 2108 Papam.
1731 2052 1830 2096 139.
1892 2055 2026 2096 Verba

278 2113 428 2154 Christi
456 2113 598 2155 Matth.
631 2109 702 2156 23.
763 2115 812 2154 Si
840 2116 1079 2165 peccaverit
1106 2115 1154 2155 in
1185 2119 1225 2156 te
1253 2116 1388 2163 frater
1417 2119 1518 2156 tuus
1549 2120 1628 2156 etc.
1686 2115 1768 2156 Dic
1798 2114 2026 2166 Ecclesiae,

277 2183 491 2223 perperam
519 2172 658 2222 allata,
691 2174 806 2223 quasi
835 2174 942 2213 idem
963 2173 1151 2214 Christus
1181 2175 1444 2216 constituerit
1463 2175 1658 2226 generale
1688 2174 1902 2215 concilium
1936 2178 2026 2213 tan·

279 2242 397 2281 quam
426 2231 604 2270 tribunal
632 2243 756 2282 supra
776 2232 942 2283 Papam.
980 2227 1078 2272 140.
1110 2237 1195 2272 not.
1217 2229 1254 2271 l.
1317 2234 1493 2285 Antiqua
1513 2239 1631 2286 gesta
1649 2233 1893 2274 Pontificum
1909 2233 2024 2275 Rom.

272 2290 368 2339 J’ure
402 2289 599 2339 primatus
637 2291 679 2329 in
710 2291 936 2330 Occidente
974 2295 1015 2331 et
1047 2292 1215 2331 Oriente
1255 2292 1476 2336 vindicata.
1518 2289 1616 2334 163.
1685 2293 1883 2338 Febrouii
1915 2293 2027 2332 nisus

277 2351 324 2387 ut
362 2360 411 2386 ea
449 2360 475 2387 a
506 2350 599 2399 jure
639 2349 835 2400 primatus
877 2350 1099 2396 abstrahat,
1132 2351 1374 2394 retunditur.
1415 2352 1487 2395 Ibi.
1562 2352 1726 2403 Antiqui
1755 2355 1872 2391 actus
1897 2351 2028 2402 juris--

278 2407 471 2446 dictionis
502 2407 745 2447 Pontificiae
776 2410 818 2447 in
847 2413 937 2449 tota
965 2409 1155 2449 Ecclesia
1178 2411 1272 2460 Jure
1303 2411 1514 2461 primatus,
1547 2423 1677 2462 eoque
1708 2411 1932 2455 ordinario.
1966 2411 2025 2449 uti

277 2466 473 2516 primatus
504 2467 545 2504 in
566 2467 681 2518 Papa
711 2471 775 2507 est
796 2469 862 2518 jus
894 2468 1157 2509 ordinarium.
1194 2464 1291 2511 167.
1328 2465 1424 2511 168.
1485 2471 1745 2523 Comparatio
1766 2470 1925 2521 aliquot
1955 2482 2026 2519 ge-

278 2527 456 2572 storum,
500 2537 603 2575 quae
633 2525 704 2564 alii
735 2526 934 2578 Episcopi
972 2532 1092 2568 extra
1121 2528 1315 2581 propriae
1346 2529 1590 2570 dioeceseos
1625 2530 1824 2570 terminos
1856 2540 2025 2580 perege-

277 2586 393 2629 runt,
427 2595 543 2634 quam
572 2585 724 2636 inepta.
761 2580 858 2625 158.

219 2719 692 2797 Quintilineburgensis
722 2745 886 2784 concilii
917 2747 1126 2788 decretum
1155 2760 1207 2788 ne
1237 2749 1366 2798 maj0r
1398 2760 1422 2787 a
1451 2748 1608 2788 minore
1631 2748 1853 2798 jndicetur.
1885 2743 1955 2789 77.

220 2885 499 2946 Reservatio
530 2910 762 2958 graviorum
792 2911 1026 2964 criminum,
1070 2917 1112 2953 et
1140 2915 1338 2964 majorum
1365 2926 1578 2954 causarum
1609 2926 1660 2954 ex
1690 2925 1882 2965 suprema
1911 2917 2026 2964 pote--

279 2969 386 3005 state
415 2966 624 3006 Romanae
655 2969 744 3007 sedi
775 2974 1022 3021 competens,
1053 2966 1124 3014 23.
1159 2968 1254 3015 179.

218 3025 505 3065 Richerianum
537 3029 713 3076 systema
743 3028 795 3066 de
825 3029 1009 3068 clavibus
1040 3032 1311 3082 reprobatum.
1342 3026 1386 3070 8.

219 3085 490 3123 Romanorum
521 3085 763 3125 Pontificum
786 3088 1037 3137 jurisdictio.
1084 3090 1130 3131 V.
1161 3091 1424 3131 Jurisclv'ctio.
1470 3091 1516 3133 V.
1551 3091 1778 3132 Primatus.

221 3142 404 3181 Romana
433 3143 614 3193 synodus
653 3145 696 3183 in
737 3157 860 3185 causa
888 3147 1050 3186 Damasi
1082 3149 1235 3199 Papae.
1280 3144 1350 3191 74.
1429 3150 1518 3188 Alia
1553 3150 1594 3189 in
1626 3163 1750 3190 causa
1780 3150 2023 3203 Symmachi.

280 3200 444 3244 Ibidem.
485 3202 576 3242 Alia
606 3203 648 3241 in
680 3216 803 3245 causa
822 3206 974 3245 Leonis
991 3207 1059 3245 ΙΙΙ.
1090 3208 1225 3248 noluit
1249 3208 1451 3261 judicare,
1484 3209 1563 3247 nisi
1593 3210 1682 3260 ipse
1702 3210 1935 3250 voluntarie
1959 3211 2006 3261 3ιι

281 3258 432 3299 dicium
458 3262 665 3312 petiisset.
695 3263 769 3306 Ibi.

223 3388 491 3451 schismatis
521 3413 640 3454 initia
669 3416 744 3455 sub
774 3417 938 3456 Urbano
954 3418 1019 3459 VI.
1049 3414 1120 3460 84.
1164 3420 1372 3462 Quatenus
1401 3423 1500 3459 tunc
1528 3420 1655 3471 utilis,
1688 3425 1759 3461 aut
1790 3422 2025 3461 necessaria

282 3470 426 3520 synodi
458 3474 750 3523 congregatim
792 3480 834 3516 et
865 3476 1090 3527 quodnam
1087 3478 1167 3528 jus
1196 3481 1294 3518 tunc
1321 3478 1468 3519 fuisset
1508 3480 1673 3519 concilii
1702 3481 1893 3520 Patribus
1933 3481 2025 3519 abs-
