2326 3854
743 162 1339 218 *71—

147 349 309 384 coram
346 329 453 381 Deo
503 347 532 380 a
584 328 723 397 culpa
776 327 948 378 saltem
999 325 1143 394 gravi
1182 322 1413 376 excusari
1458 322 1686 391 potuerit.
1762 321 1934 390 ltaque

146 415 423 478 anathema,
462 414 608 465 latum
646 430 675 463 a
713 411 900 481 synodo
939 408 1028 462 VI.
1066 409 1118 460 in
1155 407 1426 460 Honorium
1463 415 1575 476 post
1611 415 1836 470 mortem,
1875 408 1934 458 ad

146 499 444 570 probandum
471 500 553 568 jus
609 496 818 566 ejusdem
865 493 1112 563 generalis
1151 493 1326 565 synodi
1362 491 1412 543 in
1448 491 1602 562 ipsum
1642 489 1932 543 Pontificem

146 594 386 637 mortuum
422 582 618 634 nibilum
655 581 861 632 confert.

282 667 333 719 6.
407 665 643 718 Notanda
680 663 982 734 potissimum
1031 663 1121 714 hac
1165 662 1216 713 in
1256 680 1311 714 re
1348 662 1498 715 verba
1535 661 1715 713 tertiae
1753 661 1935 712 allocu—

143 751 290 803 tionis
338 749 574 803 Hadriani
608 748 669 799 ll.
727 749 788 800 ad
835 746 1095 798 Romanae
1145 746 1321 817 synodi
1369 734 1605 809 Patress
1639 764 1762 815 quae
1810 746 1936 798 lecta

142 836 368 898 subinde,
417 844 467 886 et
501 833 689 885 inserta
733 834 931 884 fuerunt
977 830 1132 901 gestis
1182 833 1343 883 octavi
1380 827 1592 883 Concilii
1637 830 1933 883 oecumenici

140 929 232 972 act.
275 919 356 971 10.
407 917 502 988 (Τ.
545 918 629 969 10.
680 914 870 969 Concil.
908 915 1036 969 Ven.
1085 915 1198 968 edit.
1249 913 1411 968 Celet.
1464 916 1556 968 col.
1597 914 1752 985 397.)
1830 916 1933 967 Ro-

139 1022 343 1056 manum
367 1005 674 1070 Pontificem
707 1004 772 1053 de
800 1006 1026 1055 omnium
1055 1004 1393 1055 ecelesiarum
1420 1001 1764 1069 Pontificibus
1785 1003 1933 1071 judi·

139 1107 284 1140 casse
312 1091 543 1157 leyimus,
579 1089 662 1137 de>
683 1104 743 1137 eo
770 1104 894 1137 vero
933 1104 1239 1154 quemquam
1261 1089 1537 1156 Judicasse
1562 1104 1668 1136 non
1696 1088 1930 1153 leqimus.

108 1173 289 1224 'Licet
335 1176 469 1230 enim
517 1171 759 1223 Honorio
807 1171 872 1221 ab
929 1172 1284 1223 Orientalibus
1345 1169 1554 1220 POST
1595 1170 1940 1220 MORTEM

140 1257 272 1327 (cum
319 1249 511 1309 scilicet
538 1272 637 1306 non
687 1264 796 1306 erat
844 1255 1050 1325 amplius
1089 1254 1295 1308 actualis
1333 1252 1604 1319 Pontifex)
1653 1254 1931 1305 anathema

135 1345 204 1394 sit
235 1345 455 1401 dictum3
501 1342 765 1391 sciendum
802 1347 972 1394 tamen
1011 1347 1112 1404 est,
1152 1344 1275 1408 quia
1307 1344 1495 1407 fuerat
1528 1358 1687 1407 super
1727 1339 1935 1390 haeresi

135 1434 406 1478 accusatus
438 1425 509 1495 ¹),
556 1432 783 1491 propter
839 1443 994 1492 quam
1049 1426 1217 1476 solum
1272 1427 1468 1476 licitum
1517 1431 1596 1475 est
1648 1424 1932 1475 minoribus

134 1516 389 1581 may’orum
426 1529 638 1562 suorum
684 1509 903 1561 motibus
953 1512 1253 1569 resistendi,
1289 1511 1374 1560 vel
1398 1527 1601 1576 pravos
1638 1527 1818 1560 sensus
1855 1526 1931 1559 re-

136 1597 376 1661 spuendi:
428 1597 658 1661 quamvis
697 1601 748 1644 et
780 1595 854 1644 ibi
890 1591 968 1662 (in
1007 1611 1124 1645 casu
1160 1592 1403 1664 Honorii)
1451 1612 1548 1645 nec
1588 1593 1931 1645 Patriarclza-

134 1698 278 1746 rum,
322 1698 419 1730 uec
470 1686 766 1731 ceterorum
803 1676 1113 1730 Antistitum-
1150 1682 1380 1747 cuipiam
1429 1681 1493 1730 de
1541 1697 1602 1729 eo
1650 1678 1933 1746 quamlibet

127 1768 225 1830 fas
249 1767 422 1831 fuerit
446 1765 767 1832 proferendi
800 1767 1122 1824 sententiam,
1159 1767 1264 1816 nisi
1299 1766 1528 1836 ejusdem
1558 1766 1768 1830 primae
1793 1764 1928 1814 sedis

136 1849 408 1917 Pontificis
445 1866 723 1910 consensus
755 1853 1132 1915 praecessisset
1168 1853 1470 1902 auctoritas.

272 1933 322 1985 7.
399 1931 538 1984 Adeo
574 1950 694 1984 vero
742 1942 948 1985 octavae
992 1933 1170 2004 synodi
1206 1932 1445 1986 Patribus
1492 1949 1782 2002 persuasum
1819 1931 1927 1994 fuit,

130 2016 371 2069 neminem
406 2033 552 2086 posse
588 2025 762 2070 contra
784 2018 970 2087 primae
995 2019 1125 2071 sedis
1149 2018 1421 2071 Antistites
1459 2017 1753 2069 sententiam
1780 2019 1928 2089 ferre,

129 2111 183 2153 ut
217 2119 308 2154 nee
342 2100 461 2171 ipsis
497 2101 822 2154 oecumenicis
859 2102 1075 2163 conciliis
1101 2105 1226 2157 hane
1259 2112 1555 2174 potestatem
1591 2101 1925 2155 attribuerint.

131 2184 210 2238 Sit
245 2185 374 2238 enim
408 2185 479 2237 illi
515 2196 611 2238 act.
653 2187 738 2240 10.
777 2205 885 2240 can.
913 2187 998 2240 53.
1040 2188 1143 2259 (lbi
1169 2189 1262 2241 col.
1290 2189 1413 2242 879.
1441 2187 1519 2258 d.)
1562 2190 1625 2239 Si
1661 2206 1765 2256 qua
1801 2205 1925 2237 vero

132 2274 462 2323 oecumenica
517 2274 717 2340 synodo
775 2270 1000 2324 collecta
1059 2277 1125 2326 de
1178 2275 1422 2326 Romana
1473 2277 1628 2325 etiam
1679 2273 1926 2323 Ecclesia

131 2358 490 2407 controversia
537 2359 797 2418 eoetiterit,·
858 2358 1034 2409 licebit
1086 2377 1201 2410 eum
1265 2361 1472 2411 decenti
1516 2359 1811 2409 reverentia
1859 2358 1924 2406 de

121 2443 404 2508 proposita
451 2444 751 2508 quaestione
786 2449 1102 2494 veneranter
1130 2446 1466 2510 percontari,
1514 2459 1923 2510 responsumque

130 2528 418 2585 admittere,
456 2533 507 2576 et
541 2529 646 2578 sive
666 2530 856 2597 juvari
879 2530 982 2578 sive
1001 2532 1214 2598 juvare,
1252 2548 1356 2595 non
1395 2535 1565 2580 tamen
1593 2514 1920 2593 impudenter

130 2743 386 2781 damnatione
423 2743 533 2782 facta
562 2755 588 2781 a
616 2742 809 2783 Patribus
840 2745 1001 2784 concilii
1033 2747 1097 2788 VI.
1130 2746 1171 2784 id
1203 2747 1518 2786 saltem—inferri
1559 2747 1694 2797 dieas,
1736 2758 1807 2784 eos
1839 2756 1919 2783 non

126 2799 329 2849 judicasse
357 2801 507 2850 Papam
536 2800 787 2840 infallibilem
817 2802 859 2841 in
887 2805 1059 2843 materia
1088 2798 1206 2852 fidei,
1250 2817 1337 2843 eum
1365 2817 1452 2843 eum
1484 2806 1523 2843 in
1557 2805 1746 2855 dogmate
1777 2803 1915 2852 Mono-

130 2857 316 2897 tbelitico
348 2869 507 2897 errasse
537 2858 810 2906 crediderint3
843 2861 1073 2904 nisisantea
1092 2864 1288 2914 probetur
1308 2864 1483 2902 Honorli
1514 2864 1675 2902 litteras
1706 2863 1917 2901 continere

133 2915 407 2955 definitionem
436 2916 545 2963 fidei,
577 2920 617 2955 et
645 2918 750 2956 tales
779 2917 940 2957 habitas
969 2932 994 2958 a
1023 2922 1215 2959 Patribus
1244 2925 1383 2960 sextae
1411 2923 1570 2974 synodi,
1603 2921 1702 2960 nihil
1731 2921 1843 2959 aliud
1867 2933 1916 2959 ex

129 2987 178 3013 ea
207 2974 549 3014 condemnatione
578 2974 726 3013 deduci
755 2976 808 3014 ad
828 2987 1017 3016 summum
1047 2983 1200 3029 potest,
1232 2980 1309 3018 nisi
1339 2981 1501 3019 eosdem
1530 2981 1677 3019 Patres
1707 2979 1917 3027 censuisse

130 3033 278 3084 Papam
307 3045 494 3080 errasse,
538 3036 579 3072 et
626 3034 810 3084 potuisse
847 3046 986 3074 errare
1025 3037 1135 3076 eirca
1177 3037 1294 3076 fidem
1333 3041 1451 3077 extra
1491 3039 1771 3078 definitionem
1801 3038 1913 3083 fidei,

129 3091 237 3142 quod
265 3103 340 3131 nec
370 3104 447 3143 ego
476 3103 640 3142 prorsus
670 3091 842 3138 inficior,
875 3105 964 3133 cum
993 3096 1091 3134 solis
1119 3097 1283 3148 proprie
1315 3097 1435 3136 dietis
1465 3096 1771 3136 definitionibus
1799 3095 1916 3134 infal-

129 3148 330 3189 libilitatis
348 3149 615 3199 Privilegium
646 3150 906 3190 asserendum·
928 3154 1182 3193 contendam.
1221 3154 1341 3193 Hanc
1361 3154 1765 3200 animadversionem,
1797 3165 1914 3203 quam

130 3208 411 3249 satisfacturus
442 3209 660 3258 objectioni
690 3213 872 3261 sumptae
911 3222 960 3249 ex
993 3212 1183 3251 Patribus
1223 3212 1389 3251 concilii
1421 3213 1483 3258 VI.
1528 3213 1643 3251 omisi
1674 3212 1716 3251 in
1746 3223 1914 3263 praeee-

129 3266 242 3305 denti
272 3278 418 3318 opere,
447 3267 525 3306 buc
554 3269 784 3318 reservavi,
833 3269 899 3306 ubi
933 3269 982 3306 de
1026 3269 1245 3309 eorundem
1275 3271 1437 3310 patrum
1466 3272 1674 3310 sententia
1704 3272 1742 3309 in
1776 3271 1914 3310 Hono-

129 3324 229 3363 rium
262 3337 311 3364 ex
341 3326 548 3377 proposito
579 3326 857 3366 disserendum
886 3328 1032 3368 fuerat.

253 3388 286 3444 ¹)
316 3393 376 3432 De
406 3395 646 3445 exceptione
677 3407 793 3434 casus
822 3395 1004 3434 haeresis
1035 3397 1201 3435 inferius
1232 3398 1311 3436 erit
1341 3409 1470 3437 sermo
1504 3409 1540 3438 n.
1577 3398 1643 3436 15.
