2326 3854
996 121 1614 176 „42—

382 290 584 342 decreta
622 288 912 352 confirmat,
954 287 1041 339 sed
1077 285 1310 339 omnibus
1345 286 1498 340 etiam
1535 286 1781 341 Ecclesiis
1819 300 2025 362 aptans,
2061 291 2227 345 allatis

379 375 549 430 verbis
585 373 806 447 Philippi
842 372 996 445 legati
1031 371 1344 444 Apostolici,
1382 373 1467 443 qui
1504 374 1806 428 senten-tiam
1843 375 1896 428 in
1931 375 2228 432 Nestorium

381 464 442 515 ab
481 462 710 515 omnibus
751 459 978 514 Orientis
1016 469 1069 511 et
1106 457 1396 514 Occidentis
1432 459 1698 534 Episcopis
1739 464 2094 535 approbatam,
2136 471 2227 536 fir-

381 569 534 612 mam,
573 566 662 614 seu
698 549 845 620 plane
884 546 1228 600 confirmatam
1267 547 1398 600 dixit
1419 554 1597 621 juxta
1623 553 1854 604 omnium
1881 554 2230 606 ecclesiarum

381 641 669 697 decretum,
708 633 895 687 subdit:
935 634 1084 687 Hinc
1121 637 1318 697 elucet,
1356 644 1418 689 ut
1451 655 1566 690 sese
1603 645 1783 691 mutuo
1820 642 1944 707 ipsa
1981 641 2227 692 ecclesia·

379 745 497 779 rum
536 727 755 776 decreta
792 724 1124 791 confirment.
1203 724 1290 774 Ea
1329 727 1465 776 enim
1502 727 1682 777 omnia
1731 727 1836 777 vim
1874 726 2073 778 habent
2106 745 2227 778 con-

372 813 646 882 firmandi,
684 828 822 879 quac
861 810 1206 861 ecclesiarum
1246 813 1477 863 omnium
1515 815 1918 865 consensionem
1952 816 2228 865 unitatem·

378 918 480 969 que
519 899 829 957 declarant,
876 913 995 948 cum
1041 898 1164 964 ipsa
1201 899 1405 948 unitate
1444 904 1495 949 et
1532 901 1882 951 consensione
1919 906 2103 951 mutua
2141 902 2228 951 de-

378 992 648 1039 cretorum
674 984 1179 1037 Ecclesiasticus-um
1212 986 1497 1053 firmitudo
1529 991 1750 1036 constet.
1826 981 2077 1050 Quidnam
2114 984 2229 1039 hinc

378 1081 557 1127 contra
581 1072 712 1126 nos?
734 1067 1084 1124 'Decretorum
1125 1070 1557 1124 confirmationem
1593 1070 1702 1124 fieri
1740 1070 2082 1124 declaratione
2109 1089 2230 1124 con-

378 1177 558 1214 sensus
597 1177 745 1213 neme
783 1157 1066 1230 negaverit.
1143 1152 1366 1212 Decreta
1402 1157 1527 1212 item
1561 1176 1669 1211 non
1701 1159 1862 1211 solum
1899 1157 2229 1230 Apostolicae

378 1235 530 1314 sediS,
568 1247 657 1301 sed
690 1244 1055 1319 Episcoporum
1092 1263 1289 1316 qnoque
1328 1246 1750 1316 ecclesiarumque
1787 1255 2070 1299 ceterarum
2109 1263 2229 1298 con-

378 1353 533 1388 sensu
571 1333 874 1402 confirmari,
910 1333 986 1386 ita
1021 1345 1077 1385 ut
1111 1332 1252 1405 ipsae
1289 1333 1606 1387 definitiones
1642 1332 1970 1405 Apostolicae
2008 1333 2069 1385 ab
2103 1331 2227 1403 Epi-

378 1421 545 1493 scopis
579 1421 688 1475 sive
724 1421 778 1473 in
815 1419 1031 1474 concilio
1066 1420 1366 1492 praesertim
1411 1420 1644 1492 generali
1681 1420 1942 1487 adunatiS,
1992 1420 2102 1475 sive
2137 1438 2228 1492 per

377 1510 550 1562 orbem
588 1507 828 1580 dispersis
868 1506 1213 1578 subsignatae,
1253 1526 1343 1561 seu
1381 1516 1616 1579 receptae
1653 1516 1705 1560 et
1743 1508 2117 1579 comprobatae,
2157 1524 2228 1560 ex

377 1596 469 1649 hac
514 1595 734 1647 omnium
783 1594 1006 1659 unitate,
1066 1593 1391 1665 unanimique
1444 1611 1698 1648 consensu
1746 1593 2026 1647 maximum
2072 1594 2229 1646 robur

378 1682 661 1752 acquirant,
697 1680 750 1732 in
787 1681 1108 1753 praecedenti
1144 1700 1298 1754 opere
1335 1683 1424 1735 De
1449 1685 1502 1734 vi
1528 1685 1793 1751 primatus
1830 1680 2059 1754 pluribus
2093 1681 2225 1733 affir-

376 1769 640 1824 mavimus.
715 1766 871 1820 Nulla
913 1767 1069 1838 igitur
1117 1769 1169 1820 in
1216 1769 1310 1822 hoc
1348 1768 1566 1822 vertitur
1613 1769 1861 1838 quaestio.
1939 1767 2114 1821 Solum
2150 1767 2228 1822 vi-

377 1857 604 1920 dendum,
642 1873 708 1916 ne
745 1855 856 1925 quis
894 1854 997 1910 vim
1034 1855 1310 1911 coactivam
1350 1856 1411 1909 ad
1447 1855 1693 1909 unitatem
1729 1856 2056 1927 Apostolicae
2095 1854 2228 1919 sedis

377 1942 748 1997 definitionibus
784 1952 955 2013 neget,
994 1941 1226 2011 quamdiu
1263 1960 1366 1994 non
1404 1951 1576 2013 pateat
1612 1942 1736 1996 haec
1773 1941 2137 2015 Episcoporum
2177 1952 2228 1996 et

377 2030 705 2095 ecelesiarum
744 2029 1038 2096 consensio3
1090 2029 1280 2083 tribuat
1315 2047 1440 2083 vere
1476 2029 1848 2083 definitionibus
1883 2028 2099 2083 Patrum
2136 2041 2226 2101 ge-

375 2117 583 2171 neralis*
601 2117 809 2190 synodi,
862 2126 1130 2187 antequam
1177 2116 1399 2188 ejusdem
1448 2116 1581 2170 sedis
1619 2116 1931 2170 confirma-tio
1980 2135 2070 2170 seu
2108 2134 2228 2169 cou-

376 2222 560 2258 sensus
605 2204 898 2258 accesserit.
973 2198 1105 2256 Eam
1151 2203 1254 2257 vim
1299 2203 1606 2258 coactivamv
1625 2205 1687 2257 ad
1737 2204 1983 2264 unitatem
2029 2203 2228 2256 ratione

373 2291 618 2363 primatus
658 2310 729 2345 ex
764 2290 1081 2343 institutione
1109 2287 1306 2343 Christi
1343 2300 1627 2361 competere
1659 2289 1943 2344 Pontificiis
1979 2290 2225 2344 definitio-

375 2379 521 2431 nibus
570 2386 688 2431 ante
742 2395 939 2430 omnem
998 2391 1298 2430 eonsensum
1336 2375 1627 2438 Ecclesiae,
1682 2377 1735 2429 in
1782 2386 2060 2430 memorato
2099 2375 2226 2429 libro

375 2466 638 2536 probatum
690 2474 785 2518 est.
875 2463 1007 2519 Vide
1054 2462 1321 2534 praecipue
1375 2481 1484 2534 cap.
1526 2464 1613 2516 14.
1678 2464 1726 2532 §.
1766 2463 1818 2518 8.
1909 2462 2046 2519 Num
2097 2482 2223 2517 vero

375 2551 691 2604 definitiones
730 2549 946 2603 Patrum
986 2548 1189 2602 concilii
1220 2549 1272 2602 vi
1313 2548 1542 2603 coactiva
1578 2550 1827 2625 fruantur,
1867 2550 2068 2603 etiamsi
2105 2569 2227 2621 quo-

374 2637 451 2692 vis
507 2633 722 2690 assensu
776 2635 927 2690 sedis-
964 2634 1302 2708 Apostolicae
1343 2645 1578 2700 careant,
1654 2636 1899 2690 hactenus
1955 2636 2116 2704 dieta,
2171 2647 2228 2689 ut

375 2723 626 2793 arbitror,
674 2723 801 2782 satis
857 2722 1134 2793 declarant.
1228 2721 1337 2800 Hic·
1371 2732 1537 2776 autem
1585 2720 1764 2775 mirum
1812 2723 2035 2776 maxime
2080 2724 2227 2799 debet.

376 2810 623 2877 accidere,
661 2812 899 2881 quosdam
936 2809 1278 2877 adversari0S‚
1316 2809 1399 2879 qui
1437 2810 1499 2863 ad
1535 2809 1636 2864 vim
1673 2809 1931 2882 propriam
1968 2810 2225 2881 generalis

375 2898 576 2952 concilii
642 2896 984 2969 necessariam
1055 2896 1354 2950 existimant
1419 2896 1806 2950 consensionem
1861 2895 2226 2969 Episcopor'um

374 2987 612 3057 cujusque
665 2985 844 3039 saltem
901 2983 1145 3043 notabilis
1191 2983 1440 3056 portionis
1459 3024 1474 3050 ,
1541 3002 1631 3038 seu
1683 2982 1910 3055 regioni-s
1963 2980 2225 3036 Ecclesiae

376 3071 683 3138 catholicae,
740 3072 817 3125 ita
870 3081 926 3123 ut
983 3072 1046 3124 ob
1103 3072 1348 3125 defectum
1406 3071 1686 3143 hujusmodi
1741 3068 2000 3141 generalia
2055 3068 2225 3121 habita

375 3178 476 3213 non
511 3159 668 3213 fuisse
700 3168 883 3231 putent
922 3155 1152 3213 Concilia
1188 3157 1282 3214 Vl.
1324 3169 1374 3212 et
1411 3157 1527 3222 VII.
1514 3198 1548 3224 .,
1597 3155 1828 3228 quamdiu
1853 3155 2009 3209 defuit
2035 3154 2220 3229 Hispa-

375 3254 553 3299 norum
590 3256 642 3300 et
665 3244 927 3300 Gallorum
965 3264 1271 3312 consensus3
1313 3265 1342 3300 e
1379 3254 1558 3300 contra
1590 3262 1716 3298 vero
1753 3243 2096 3296 necessariam
2121 3261 2222 3295 non

376 3333 583 3393 credere
629 3333 1015 3388 consensionem
1063 3333 1240 3405 capitis
1296 3331 1516 3405 ejusdem
1562 3330 1852 3398 Ecclesiae,
1913 3330 2027 3383 licet
2075 3339 2222 3400 caput

376 3419 555 3489 negari
591 3429 809 3490 nequeat
844 3438 962 3490 pals
1001 3420 1268 3492 praecipua
1301 3429 1353 3473 et
1391 3418 1612 3472 maxime
1650 3417 1940 3472 necessaria
1977 3417 2222 3488 emporis,
