2326 3854
931 134 1587 190 --—13o-—-

334 299 620 355 schismatis
673 305 761 374 jus
819 303 967 355 ullum
1030 300 1257 355 conciliis
1313 301 1637 372 generalibus
1696 313 1945 376 suppetat.
2038 304 2187 358 Initio

335 388 514 461 quippe
566 389 888 443 schismatum
908 429 922 454 ,
971 406 1082 441 cum
1135 388 1365 458 quaestio
1412 391 1520 443 fere
1565 389 1820 461 pertineat
1868 390 1930 443 ad
1967 393 2102 446 facta
2140 403 2190 447 et

334 476 744 530 circumstantias
785 474 1078 541 electioniS‚
1118 493 1248 546 quae
1286 475 1339 529 in
1376 476 1552 531 iisdem
1590 475 1752 530 initiis
1789 475 1989 531 facilius
2025 477 2189 550 detegi

333 574 538 635 queunt,
577 574 634 617 ut
671 562 997 635 dijudicetur⁷
1035 564 1175 635 cujus
1215 581 1285 616 ex
1324 551 1743 618 contendentibus
1778 562 2004 635 legitima
2040 563 2194 618 fuerit

331 650 537 717 electio,
577 650 748 721 sicque
788 660 1127 722 cognoscatur
1165 660 1217 704 et
1253 651 1530 725 recipiatur
1577 661 1631 705 et
1677 652 2031 725 comprobetur
2067 650 2192 723 legi-

330 737 451 791 time
498 738 719 805 electuS,
782 738 1059 810 repellatur
1117 741 1310 793 autem'
1334 739 1593 808 intrusu83
1645 740 1886 813 judicium
1931 739 2191 812 ejusmodi,

329 823 461 894 quod
498 813 623 877 nih‘il
659 825 787 896 juris
825 825 1043 882 coactivi
1078 825 1133 879 in
1167 843 1345 880 verum
1384 825 1683 883 Pontificem
1718 828 1965 902 praefert,
2002 827 2048 880 si
2073 826 2192 880 olim

329 911 628 965 attributum
664 912 759 965 fuit
784 913 938 968 ctiam
962 912 1352 987 particularibus
1377 912 1606 987 synodis,
1645 905 1817 970 nonne
1847 915 2014 987 magis
2036 914 2194 968 multo

328 998 560 1070 generali
596 1000 808 1055 concilio
857 1001 1185 1056 asserendum
1235 1002 1350 1054 cst?
1425 1000 1559 1056 Hine
1580 1000 1584 1029 ³
1604 1021 1729 1058 sane
1776 1001 2022 1075 generale
2069 1019 2192 1056 con-

331 1086 496 1140 cilium
548 1089 827 1161 cogendum
878 1089 1079 1144 censuit
1126 1087 1418 1163 (Raynald.
1458 1098 1497 1143 t.
1540 1090 1592 1146 7.
1634 1103 1731 1145 ‘'an.
1785 1090 1949 1146 1378.
1998 1107 2050 1142 n.
2092 1089 2189 1143 42.

326 1193 378 1247 p.
415 1175 539 1229 330.
577 1175 716 1250 331)
769 1175 1012 1232 Urbanus
1049 1176 1139 1231 Vl.
1200 1187 1307 1230 tum
1366 1187 1514 1245 ante,
1581 1188 1688 1232 tum
1743 1187 1862 1252 post
1902 1177 2193 1250 Antipapae

329 1259 609 1318 Clementis
656 1264 956 1319 electionem
975 1306 989 1332 ‚
1046 1275 1109 1319 eo
1147 1265 1278 1336 quod
1324 1284 1448 1320 suae
1497 1283 1680 1320 causac
1728 1265 1933 1331 fideret,
1992 1274 2044 1319 et
2097 1263 2193 1318 soli

328 1346 580 1405 Gallicani
617 1347 923 1406 Cardinales
969 1354 1199 1406 fautores
1247 1351 1528 1408 Clementis
1578 1354 1823 1428 ejusmodi
1870 1352 2192 1408 convocatio-

328 1454 444 1489 nem
482 1448 815 1504 recusarunt:
855 1440 987 1510 quod
1022 1439 1177 1495 istius
1212 1440 1445 1496 electioni
1482 1441 1707 1495 maximo
1744 1439 2053 1514 praejudicio
2093 1449 2189 1493 est.

327 1521 462 1576 Idem
500 1525 810 1579 oecumenici
835 1527 1048 1580 concilii
1076 1527 1333 1600 judicium,
1371 1526 1425 1581 in
1463 1530 1564 1599 quo
1600 1539 1841 1601 ageretur
1879 1528 1943 1581 de
1966 1524 2194 1598 Papatus

328 1609 508 1676 titulo,
557 1612 739 1665 obtulit
777 1612 1168 1668 etiam-Urbani
1218 1615 1486 1669 successor
1525 1613 1691 1686 (Idem
1724 1625 1767 1668 t.
1799 1615 1861 1670 8.
1901 1630 1986 1668 an.
2029 1611 2194 1668 1397.

329 1716 380 1750 n.
411 1699 462 1751 5.
502 1717 621 1771 pag.
663 1701 696 1752 5
736 1709 789 1754 et
825 1690 886 1753 n.
919 1701 1010 1757 37.
1049 1721 1098 1775 p..
1127 1702 1232 1776 36)
1271 1702 1562 1757 Bonifacius
1588 1699 1707 1768 IX„
1747 1701 1826 1756 eui
1863 1720 1973 1756 eum
1999 1700 2196 1774 pariter

331 1784 651 1840 obstitissent
689 1789 917 1841 fautores
943 1789 1108 1861 partis
1135 1790 1447 1856 contrariae,
1482 1789 1704 1862 partium
1741 1789 2005 1845 hincinde
2026 1787 2195 1861 dispu-

328 1873 552 1927 tationes
591 1891 650 1927 ac
686 1875 852 1928 studia
888 1875 963 1929 ita
980 1888 983 1893 “
1000 1895 1152 1931 cursu
1189 1876 1439 1949 temporis
1471 1895 1579 1931 rem
1618 1871 1817 1932 omnem
1853 1874 2192 1940 involverunt,

331 1968 403 2012 ut'
425 1961 657 2031 quaestio
705 1963 765 2016 de
814 1962 961 2016 titulo
999 1965 1063 2018 oh
1102 1959 1532 2037 implicatissimas
1565 1964 1687 2018 facti
1724 1982 1784 2018 ac
1811 1964 1950 2037 juris
1986 1962 2192 2017 difficul-

329 2057 467 2101 tates
502 2048 699 2102 definiri
750 2050 965 2123 amplius
1003 2070 1108 2105 non
1152 2070 1305 2125 posse
1352 2051 1662 2107 crederetur.
1737 2050 1796 2104 In
1847 2052 1985 2106 bisce
2024 2060 2192 2104 autem

331 2135 582 2207 angustiis
619 2154 723 2190 non
761 2138 908 2192 modo
932 2139 1124 2205 utilem,
1162 2140 1252 2194 sed
1288 2140 1370 2194 vel
1395 2139 1618 2193 maxime
1654 2138 2001 2193 necessariam
2035 2136 2194 2191 fuisse

331 2242 451 2277 reor
497 2225 911 2280 convocationem
976 2226 1178 2281 concilii
1238 2226 1523 2299 generaliS,
1586 2226 1640 2279 in
1689 2243 1787 2298 quo
1844 2243 1914 2281 ex
1962 2225 2194 2278 omnibus

331 2310 630 2365 obedientiis
656 2309 847 2366 Patres
884 2333 1035 2384 qnam
1073 2313 1183 2367 fieri
1205 2323 1386 2388 posset
1415 2313 1810 2384 frequentissimi
1828 2311 2196 2379 econvenirenu·

332 2416 435 2451 non
486 2399 618 2469 quod
656 2401 929 2455 «concil-ium
980 2402 1261 2475 hujusmodi
1302 2405 1391 2476 jus
1432 2389 1582 2454 ullum
1631 2402 1810 2456 saltem
1861 2410 2053 2455 certum
2103 2417 2195 2472 per

334 2504 450 2541 sese
489 2487 701 2541 haberet
739 2489 800 2541 ad
839 2490 1216 2562 deponendum,
1253 2489 1299 2543 si
1334 2507 1463 2563 opus
1498 2498 1663 2555 esset,
1683 2507 1813 2543 ¹cum
1850 2488 2041 2543 ceteris
2072 2505 2194 2542 con-

331 2575 655 2628 tendentibus
693 2594 806 2629 eum
845 2596 1074 2648 quoquc,
1118 2577 1203 2647 qui
1239 2577 1375 2630 inter
1410 2576 1553 2648 ipsos
1587 2593 1740 2630 verus
1788 2592 1847 2630 rc
1881 2575 1995 2648 ipsa
2033 2583 2086 2628 et
2119 2574 2192 2627 le-

333 2660 539 2732 gitimus
577 2671 721 2729 erat3
760 2663 849 2716 sed
886 2674 943 2716 ut
978 2663 1303 2736 plurimorum
1343 2663 1558 2717 consilio
1593 2672 1961 2734 quaererentur
1998 2670 2050 2715 et
2073 2679 2193 2734 pro—

336 2758 650 2822 ponerentur
685 2749 804 2804 viae
840 2761 892 2805 et
940 2750 1101 2806 media
1147 2751 1209 2804 ad
1246 2750 1514 2805 finiendum
1552 2751 1774 2804 schisma
1811 2749 1975 2821 magis
2013 2749 2193 2803 idonea

334 2845 486 2907 atque
513 2837 667 2891 etiam
692 2838 937 2910 legitima,
975 2839 1118 2911 queis
1147 2839 1511 2892 contendentes
1535 2838 1831 2893 debuissent
1851 2836 2194 2907 acquiescere,

335 2923 380 2976 si
417 2942 521 2977 non
551 2927 670 2997 jure
707 2917 935 2993 concilii,
975 2936 1114 2982 certe
1153 2927 1372 2980 naturali
1409 2925 1560 2997 atque
1598 2926 1794 2992 divino,
1833 2941 1963 2996 quae
1997 2919 2197 2996 Praeci-

336 3011 478 3084 piunt
515 3013 819 3083 utquisque
855 3014 1060 3087 proprio
1099 3032 1362 3069 commune
1398 3023 1452 3068 et
1487 3013 1734 3086 publicum
1753 2998 2192 3065 'unitatis-horsum

336 3109 632 3172 praeponat.
721 3098 870 3154 Licet
926 3110 1091 3155 autem
1143 3102 1424 3173 legitimum
1470 3099 1716 3155 cessionis
1763 3097 2001 3163 modium,
2054 3096 2192 3167 quod

337 3186 501 3259 mag-is
526 3188 738 3244 obvium.
754 3197 807 3241 et
832 3188 1122 3261 expeditum
1149 3187 1576 3244 Constantienses
1607 3187 1764 3251 rebus
1802 3184 1973 3238 multis
2009 3201 2191 3258 pmcn-

342 3285 540 3340 rarunt,
581 3276 644 3329 ab
669 3275 903 3330 omnibus
928 3276 1349 3349 contendentibus
1375 3291 1478 3329 non
1503 3275 1686 3340 fuisset
1706 3282 1996 3345 receptum3
2033 3262 2193 3327 attae
2246 3295 2254 3302 ·

339 3369 509 3415 tamen
550 3380 652 3415 non
689 3363 882 3418 inutilis
921 3365 1131 3420 inventa
1170 3374 1251 3418 est
1287 3366 1402 3436 ejus
1435 3360 1620 3434 synodi
1654 3361 1970 3416 convocatio.
2010 3400 2014 3409 ,
2052 3357 2078 3403 J

366 3483 367 3486 =
438 3469 442 3472 ·
485 3449 570 3501 15.
646 3448 863 3522 Semper
921 3452 973 3504 in
1031 3450 1262 3506 Ecclesia
1321 3450 1551 3504 excitata
1597 3449 1800 3502 fuerunt
1856 3447 2092 3503 scandala
2142 3454 2192 3499 ct
