2326 3854
983 147 1605 203 ——60.——

366 312 425 364 de
485 309 747 383 Episcopis
798 308 849 362 n.
895 310 980 362 16.
1058 311 1174 363 Alii
1222 313 1278 362 in
1321 319 1538 380 partem
1586 304 1995 375 sollicitudinis,
2053 323 2112 367 tu
2160 319 2215 367 in

359 399 753 467 plenitudinem
783 399 1071 467 potestatis
1109 405 1328 451 vocatus
1367 418 1436 452 es.
1504 396 1753 451 Aliorum
1783 406 2027 468 potestas
2052 405 2216 466 certis

366 493 612 539 arctatur
653 486 935 544 limitibus3
987 491 1079 536 tua
1121 487 1432 538 extenditur
1473 493 1527 539 et
1559 490 1615 539 in
1654 490 1820 556 ipsos,
1859 490 1953 556 qui
1979 486 2217 555 potest-a-

364 581 468 626 tem
505 592 669 642 super
715 574 854 624 alios
894 580 1238 640 acceperunt.
1314 570 1386 625 Et
1424 573 1566 627 dein:
1641 575 1878 644 Quisque
1917 581 2224 627 ceterorum

365 656 788 732 (Episcoporum)
830 658 991 710 habet
1025 678 1201 722 suam,
1235 662 1349 713 ‘tibi
1385 681 1494 715 una
1531 665 1812 715 commissa
1853 669 1940 714 ‘est
1969 656 2219 731 =qrandis-

363 746 494 800 sima
542 747 694 797 navis
751 749 909 814 facta
961 765 1032 799 ea·
1089 747 1479 801 OMNIBUS.
1505 753 1627 819 ipsa
1689 749 1827 801 UNI
1837 746 2218 800 VERSALIS

364 831 750 885 ECCLESIA
797 839 926 886 toto
962 836 1091 887 orbe
1130 835 1346 906 diffusa.
1427 836 1541 895 Qui
1585 837 1882 889 universali
1919 835 2217 896 Ecclesiae,

361 918 696 990 omnibusque.
725 920 876 974 etiam
916 909 1206 994 pastoribus
1245 932 1296 976 et
1319 920 1588 996 Episcopis
1612 932 1615 933 ’
1617 921 1968 995 jurisdictione
1993 931 2215 993 praeest,

361 1025 529 1060 nonne
566 1006 619 1060 in
657 1026 832 1063 omnes
872 1009 1134 1064 collective
1164 1011 1250 1081 jus
1288 1011 1480 1063 habet?

453 1094 455 1097 ’
502 1095 555 1149 8.
634 1093 869 1149 Hincin
917 1097 1119 1151 decreto
1179 1116 1271 1168 pro
1329 1098 1515 1151 unione
1559 1095 1904 1161 Graecorum,
1971 1095 2051 1148 cui
2099 1095 2216 1147 sub-

360 1182 675 1255 scripserunt
711 1182 809 1255 ipsi
847 1181 1035 1238 Graeci
1070 1185 1123 1238 in
1162 1183 1464 1249 Florentino
1503 1182 1754 1250 Concili0‚
1785 1186 1905 1256 jure
1943 1185 2218 1253 definitum

357 1269 573 1342 legit-ur,
618 1267 877 1325 Sanctam
914 1271 1287 1344 Apostolicam
1332 1277 1510 1326 sedem
1559 1280 1610 1325 et
1649 1272 1951 1324 Romanum
1992 1271 2216 1341 Pontifi-

359 1351 471 1410 cem
527 1362 583 1410 in
658 1345 800 1411 UNI
808 1359 1011 1412 VERS
1025 1361 1145 1412 UM
1200 1351 1489 1414 ORBEM
1537 1367 1721 1413 'tenere
1770 1363 2093 1429 primatum,
2164 1365 2217 1410 et

359 1449 535 1515 ipsum
574 1446 895 1516 Pontificem
935 1448 1239 1500 Romanum
1288 1467 1651 1502 successorem
1700 1466 1812 1499 esse
1850 1446 2022 1499 Beati
2059 1446 2217 1498 Petri

350 1534 624 1603 principis
663 1531 1080 1603 Apostolorum,
1102 1552 1104 1555 ·
1128 1542 1181 1587 et
1223 1554 1404 1588 verum
1461 1536 1664 1588 Christi
1687 1536 1986 1594 vicarium,
2033 1536 2214 1585 totius·

358 1639 459 1689 que
499 1621 777 1673 Ecclesiae
813 1628 1005 1689 caput,
1054 1629 1109 1673 et
1147 1625 1386 1674 'omnium
1431 1622 1865 1677 Christianorum
1896 1627 2112 1692 patrem
2151 1640 2216 1674 ac

358 1710 635 1761 doctorem
674 1710 941 1769 existere,
993 1715 1046 1760 et
1089 1711 1199 1777 ipsi
1233 1713 1288 1761 in
1329 1709 1402 1761 B.
1446 1709 1616 1763 Petro
1649 1711 1936 1781 pascendi,
1974 1710 2213 1779 reqendi,

358 1803 411 1848 et
439 1797 784 1866 gubernandi
843 1795 982 1848 UNI
991 1794 1420 1849 VERSALEM
1460 1795 1919 1851 ECCLESIAM
1962 1816 1996 1849 a
2033 1797 2105 1848 D.
2144 1796 2212 1848 Ν.

358 1884 490 1964 Jesu
550 1883 765 1943 Christo
808 1885 1034 1953 plenam
1081 1891 1405 1964 potestatem
1440 1886 1718 1943 „traditam
1765 1903 1878 1937 esse
1910 1882 1988 1955 ¹),
2040 1903 2211 1953 quem·

483 2088 521 2142 ¹)
554 2091 730 2136 Quidam
761 2091 997 2131 adversarii
1027 2092 1315 2145 praeferentes
1352 2091 1434 2133 boc
1477 2093 1568 2133 loco
1593 2092 1838 2146 ,lectionem
1871 2092 2071 2133 editionis
2113 2093 2211 2132 anni

357 2151 490 2192 1526.
523 2151 587 2192 his
618 2152 760 2192 verbis
791 2164 1047 2203 expressam,
1074 2151 1206 2202 juxta
1236 2164 1343 2206 eumd
1364 2153 1550 2203 modum,
1582 2153 1661 2205 qui
1691 2153 1809 2200 ethin
1839 2153 1974 2202 gestis
2006 2152 2210 2193 concilio·

354 2223 476 2262 rum,
519 2215 560 2253 et
591 2212 831 2253 canonibus
863 2213 1132 2260 continetur,
1177 2213 1433 2254 contendunt
1465 2215 1720 2265 potestatem
1753 2213 2015 2253 Pontificiam
2046 2213 2090 2252 in
2121 2213 2211 2252 uni-

355 2284 518 2312 versam
562 2272 796 2312 Ecclesiam
840 2272 882 2311 vi
928 2272 1160 2313 eorundem
1200 2272 1422 2313 verborum
1462 2273 1611 2326 subjici
1653 2272 1882 2312 canonibus
1923 2268 2209 2320 conciliorum,

355 2332 637 2385 damnantque
676 2333 784 2372 alias
829 2332 1059 2385 editiones,
1101 2346 1153 2373 ac
1200 2334 1236 2373 si
1275 2337 1436 2373 textum
1482 2337 1722 2385 corruptum
1761 2330 1998 2375 exhibeant.
2060 2332 2212 2374 Verum

355 2393 611 2433 editionibus
644 2405 726 2433 non
759 2395 824 2432 est
856 2405 982 2444 opus,
1024 2394 1101 2433 tibi
1135 2394 1342 2445 quinque,
1385 2393 1451 2433 vel
1482 2394 1625 2446 potius
1657 2403 1734 2449 sex
1765 2393 1990 2444 originalia
2020 2393 2212 2445 exempla

355 2454 527 2492 latinum
561 2456 603 2492 et
633 2465 830 2504 graecum
872 2456 1032 2494 textum
1062 2451 1323 2506 proferentia
1353 2466 1446 2493 cum
1485 2451 1787 2506 originalibus,
1829 2465 1904 2493 seu
1935 2448 2210 2504 autographis

352 2513 731 2564 subscriptionibus
762 2517 1007 2564 supersunt,
1053 2520 1161 2565 q'uae
1193 2514 1322 2552 verba
1353 2526 1378 2552 a
1408 2524 1473 2553 me
1505 2513 1694 2553 exhibita
1723 2512 1964 2560 vindicant,
2003 2513 2075 2552 illa
2106 2523 2207 2551 vero

354 2573 553 2627 editionis
583 2574 682 2615 anni
715 2573 848 2614 1526.
867 2573 1095 2625 ignorant„
1145 2573 1250 2614 Vide
1282 2572 1362 2613 hac
1401 2572 1452 2612 de
1469 2585 1516 2612 re
1537 2573 1630 2612 fuse
1648 2571 1911 2612 differentem
1942 2568 2208 2612 Cardinalem

354 2633 518 2673 Ursium
560 2644 651 2671 cum
682 2633 729 2673 P.
763 2632 926 2672 Thoma
957 2631 1192 2672 Mamachio
1226 2633 1297 2674 lib.
1336 2635 1379 2672 6.
1412 2632 1464 2672 de
1495 2628 1673 2677 Romani
1703 2632 1921 2672 Pontificis
1952 2633 2208 2672 auctoritate

354 2705 445 2743 cap.
470 2693 542 2732 11.
565 2696 648 2734 art.
679 2693 817 2741 unico,
849 2692 920 2731 ubi
953 2692 1135 2743 quinque
1157 2692 1434 2743 originalibus
1467 2691 1772 2744 exemplaribus
1797 2692 1977 2732 laudatis
2010 2691 2208 2743 (sextum,

352 2752 465 2804 quod
510 2752 656 2792 addidi
697 2763 750 2792 ex
798 2756 943 2792 nostro
974 2751 1143 2792 Maffeio
1190 2753 1302 2793 Hist.
1347 2752 1517 2804 diplom.
1561 2753 1588 2795 Ι.
1621 2753 1662 2791 1.
1707 2765 1748 2803 p.
1780 2752 1856 2794 87.
1897 2753 2134 2792 custoditur
2164 2753 2215 2795 in.

352 2812 523 2853 archivo
569 2813 732 2865 publico
773 2812 1052 2864 Bononiensi)
1093 2813 1317 2865 genuinum
1362 2825 1526 2864 quoque
1576 2824 1718 2852 eorum
1767 2813 1988 2852 verborum
2027 2824 2207 2860 sensum,

354 2873 727 2924 cohaerentemque
760 2884 850 2912 cum
882 2866 1000 2912 textu
1043 2884 1196 2923 graeco
1240 2876 1283 2913 et
1323 2884 1412 2912 cum
1456 2873 1560 2924 ipsis
1600 2873 1726 2911 etiam
1765 2873 2034 2913 conciliorum
2073 2872 2207 2924 gestis

354 2933 640 2985 demonstrat,
700 2945 902 2984 omneque
950 2932 1143 2983 effugium
1185 2932 1238 2972 de
1285 2933 1423 2973 medio
1469 2933 1710 2984 plenissime
1752 2933 1880 2972 tollit.
1953 2934 2207 2983 Quamquam

353 2993 518 3032 etiamsi
560 2992 804 3043 recipienda
845 2996 958 3032 esset
1004 2994 1131 3033 lectio
1175 2993 1376 3039 editionis
1420 2993 1554 3037 1526.
1591 2990 1724 3041 juxta
1765 3005 1860 3047 eum
1906 2992 2076 3032 modum
2121 2994 2203 3031 etc.

352 3053 454 3092 nihil
485 3065 563 3092 nos
592 3052 799 3106 turbaret,
832 3052 1066 3093 offenderet
1098 3053 1215 3092 nibil.
1279 3053 1382 3097 Quis
1423 3053 1533 3093 enim
1565 3053 1736 3104 negavit
1767 3047 1945 3103 unquam
1975 3051 2204 3091 Pontifices

352 3116 392 3154 in
425 3113 651 3165 pascenda,
683 3113 870 3164 regenda
903 3117 946 3153 et
977 3113 1251 3164 gubernanda
1281 3113 1510 3154 universali
1539 3113 1697 3153 Christi
1729 3111 1923 3152 Ecclesia
1955 3111 2112 3150 debere
2131 3110 2203 3151 ad·

353 3174 498 3213 hibere
529 3173 694 3213 modum
728 3176 969 3213 contentum
1002 3174 1044 3212 in
1076 3174 1207 3213 sacris
1240 3174 1490 3224 canonibus,
1521 3182 1624 3225 quos
1654 3172 1729 3212 abs
1756 3183 1806 3211 se
1838 3183 2001 3222 quoque
2028 3182 2205 3222 sequen-

353 3233 428 3272 dos
460 3233 542 3285 ipsi
572 3232 802 3274 Pontifices
833 3234 1015 3285 professi
1049 3233 1175 3273 sunt?
1207 3233 1335 3274 Nulla
1365 3234 1408 3273 in
1439 3231 1755 3285 hochuaestio,
1787 3231 1898 3270 sicut
1930 3234 1973 3271 et
2005 3232 2118 3270 nulla
2150 3243 2202 3272 ex

353 3293 583 3343 huiusmodi
628 3293 958 3345 professionibus
1004 3293 1277 3346 Pontificum,
1328 3293 1380 3332 de
1430 3292 1580 3344 quibus
1628 3291 1716 3330 dixi
1747 3291 1886 3342 capite
1931 3291 2202 3343 praecedenti

353 3363 462 3392 num.
496 3353 534 3394 1.
571 3357 621 3392 et·
641 3354 687 3392 2.
749 3353 863 3397 Tota
893 3356 1031 3393 autem
1080 3354 1272 3405 quaestio
1311 3355 1404 3399 est,
1451 3363 1546 3396 num
1586 3351 1628 3390 id
1670 3350 1850 3390 debeant
1882 3352 1990 3403 ⁴jure
2017 3352 2203 3409 ipsorum

352 3423 579 3460 canonum,
629 3416 672 3452 et
703 3423 847 3452 eorum
889 3412 1055 3463 quidem
1097 3425 1322 3460 canonum,
1364 3412 1740 3463 quibusrassensus
1770 3410 2020 3451 Pontificum
2052 3411 2199 3458 defuit,

353 3485 402 3510 ac
435 3471 469 3511 si
496 3471 579 3521 juri
614 3472 795 3524 ipsorum
827 3472 1022 3512 coactivo
1053 3473 1239 3522 subsint3
1270 3484 1325 3513 an
1356 3483 1455 3511 vero
1485 3470 1630 3511 altiori
1661 3470 1731 3509 illo
1765 3470 1907 3511 divino
1939 3483 1990 3510 ac
2018 3470 2200 3510 naturali
