2326 3854
922 246 1063 284 xxlx

101 403 564 460 circumsistebant
594 400 964 456 moribundum
985 398 1356 466 Jansenistae,
1404 397 1602 450 acriter
1634 411 1758 450 eum
1788 395 1895 451 ad-

101 495 414 564 monerent,
471 489 652 560 quanti
696 504 796 540 sua
838 488 1082 556 intersit,
1134 488 1193 540 ut
1239 482 1527 539 credantur
1570 480 1898 536 christianae

102 576 277 630 adhuc
306 574 561 648 religioni
591 571 788 626 addicti
820 587 968 645 esse,
1014 574 1071 625 et
1091 572 1340 640 injuriam
1371 586 1434 623 ac
1458 567 1695 623 dedecus
1726 569 1897 641 ipsius

103 662 271 716 oculis
315 661 673 733 subjicerent,
721 656 860 729 quod
903 657 1004 712 toti
1056 655 1274 711 factioni
1310 653 1689 710 incurrendum
1734 653 1897 729 foret,

103 748 148 800 si
190 745 371 818 palam
416 742 602 819 fieret,
659 759 783 797 eum
825 742 879 795 in
923 742 1029 796 hac
1073 759 1328 815 suprema
1374 741 1510 796 hora
1555 744 1900 795 sacramenta

99 830 445 904 repudiasse3
491 829 576 883 his
620 829 808 903 magni
837 828 1092 882 momenti
1121 828 1418 882 rationibus
1466 829 1762 881 commotus
1793 830 1897 895 est,

100 919 159 971 ut
203 933 388 971 eorum
433 916 823 989 obsequeretur
865 915 1113 989 monitiS,
1171 917 1227 968 et
1269 929 1385 967 rem
1430 913 1529 967 sibi
1579 911 1900 986 persuaderi

101 1003 321 1058 sineret.
338 999 379 1034 ‘⁶

226 1086 446 1162 Dupinii
501 1085 746 1142 sodalem
791 1089 847 1141 et
900 1101 1145 1141 errorum
1196 1083 1587 1139 fertilissimum
1629 1080 1903 1139 Joannem

99 1171 407 1245 LaunoJum
437 1172 664 1242 dixeriS,
711 1172 799 1246 qui
843 1170 966 1226 ideo
1003 1172 1266 1244 opuscula
1296 1170 1511 1225 videtur
1540 1171 1697 1225 varia
1742 1186 1900 1224 com-

100 1261 384 1331 posuisse,
442 1262 502 1314 ut
543 1258 710 1314 libros
755 1257 928 1313 malos
973 1260 1135 1330 atque
1184 1254 1599 1331 proscribendos
1645 1258 1900 1330 augeret.

99 1345 316 1400 Etenim
359 1345 555 1420 viginti
587 1348 707 1401 octo
752 1344 1061 1418 opusculiS,
1095 1360 1234 1417 quae
1264 1342 1319 1398 in
1359 1341 1900 1415 librorum‘prohibi-

101 1435 275 1486 torum
318 1430 547 1486 indicem
600 1429 777 1485 relata
821 1434 975 1504 sunt,
1045 1428 1277 1484 diversis
1321 1432 1433 1483 tum
1475 1427 1902 1484 Protestantium

101 1521 211 1572 tum
240 1515 678 1572 Jansenistarum
723 1519 778 1570 et
797 1513 1046 1571 Richerii
1091 1515 1365 1570 erroribus
1395 1516 1765 1588 patrocinatus
1796 1517 1900 1588 est,

101 1607 160 1658 ut
200 1603 464 1657 haeretici
506 1602 657 1657 illum
701 1619 803 1656 ceu
847 1605 1043 1656 testem
1088 1604 1143 1656 et
1187 1599 1563 1657 confessorem
1607 1616 1742 1655 suae
1789 1617 1901 1654 ve-

102 1690 275 1744 ritatis
300 1687 636 1743 acatholicae
666 1685 1065 1760 depraediccnt.
1110 1685 1462 1760 Quantopere
1488 1685 1771 1758 Launojus
1802 1703 1900 1759 pro

103 1773 348 1829 Richerii
394 1774 664 1828 erroribus
707 1773 1058 1844 laboraverit,
1104 1774 1417 1847 perspicere
1463 1775 1548 1827 est
1593 1789 1665 1827 ex
1709 1772 1799 1827 lib.
1827 1771 1901 1827 II.

107 1862 259 1933 epist.
285 1858 342 1915 5.
376 1859 446 1914 ad
466 1858 731 1914 Hadrian.
753 1857 1109 1934 Vallantium,
1133 1859 1223 1915 ubi
1246 1860 1598 1933 septuaginta
1621 1860 1903 1933 congessit

102 1945 405 2001 testimonia
430 1961 501 1999 ex
522 1942 798 2020 Patribus,
832 1940 1094 1999 conciliis
1119 1948 1175 1999 et
1197 1940 1578 2020 Scholasticis,
1602 1947 1662 1999 ut
1690 1944 1900 1999 adver—

104 2049 196 2087 sus
236 2029 625 2086 Bellarminum
660 2032 960 2106 evinceret,
993 2031 1179 2087 claves
1217 2027 1282 2086 S.
1305 2027 1473 2086 Petro
1512 2031 1740 2086 collatas
1775 2047 1902 2086 esse

102 2119 155 2172 in
198 2134 433 2191 persona
474 2114 787 2193 Ecclesiae,
832 2133 933 2173 seu
976 2118 1217 2192 gestanti
1254 2115 1546 2172 Ecclesiae
1591 2134 1900 2191 personam.

231 2202 411 2273 Quum
435 2200 774 2259 Janseniana
801 2203 1051 2262 haeresis
1081 2205 1275 2259 mirum
1312 2207 1567 2277 quantum
1596 2221 1899 2278 grassare-

104 2291 212 2364 tur,
256 2290 520 2344 innumeri
548 2289 692 2344 illius
724 2291 850 2345 aevi
885 2291 1179 2363 scriptores
1213 2307 1478 2345 novarum
1513 2289 1691 2345 studio
1718 2307 1902 2345 rerum

106 2375 312 2448 abrepti
333 2375 594 2446 istiusque
616 2374 741 2430 labe
762 2375 948 2430 infecti
969 2376 1336 2450 inveniuntur,
1384 2376 1471 2448 qui
1494 2377 1719 2450 passim,
1762 2375 1902 2450 proh

106 2457 292 2514 dolor!
343 2457 633 2515 Ecclesiae
679 2462 1021 2516 autoritatem
1066 2464 1227 2533 atque
1273 2462 1580 2535 cumprimis
1611 2459 1902 2517 Romanae

102 2543 253 2599 Petri
283 2542 447 2601 Sedis
476 2547 895 2621 praerogativas
939 2550 1220 2601 coarctare
1266 2550 1321 2602 et
1362 2548 1625 2621 impetere
1670 2547 1900 2604 student.

103 2629 342 2686 Infinitus
386 2621 586 2707 forem,
644 2633 691 2687 si
736 2649 922 2688 omnes
970 2632 1075 2687 etsi
1116 2634 1337 2703 majoris
1382 2633 1611 2688 nominis
1658 2637 1900 2709 autoreS,

105 2718 192 2790 qui
236 2718 492 2791 temporis
534 2716 825 2774 infortunio
883 2717 952 2773 ad
996 2718 1050 2773 id
1095 2718 1305 2774 seducti
1350 2722 1507 2789 sunt,
1566 2718 1902 2794 hicpvellem

102 2805 400 2877 nominare,
447 2819 738 2876 eorumque
769 2821 986 2860 errores
1014 2807 1411 2880 perstringere.
1478 2802 1683 2878 Ecquis
1719 2809 1902 2861 autem

105 2888 256 2942 hisce
300 2903 407 2943 non
450 2886 776 2945 admonitum
820 2906 881 2945 se
928 2892 1126 2946 sentiat
1155 2890 1443 2947 debilitatis
1480 2908 1637 2967 suae,
1682 2894 1900 2966 potius-

106 2990 208 3046 que
263 2976 570 3028 sanctorum
612 2971 838 3031 Patrum
881 2993 945 3032 ac
989 2978 1334 3050 probatorum
1388 2981 1665 3050 autorum,
1714 2981 1800 3051 qui
1848 2983 1903 3034 et

103 3060 304 3132 pietate
349 3075 489 3134 erga
531 3056 840 3115 Ecclesiam
888 3065 943 3116 et
983 3061 1286 3118 humilitate
1331 3062 1652 3135 floruerunt,
1701 3067 1901 3119 sectari

105 3145 237 3200 velit
279 3144 597 3222 doctrinam,
644 3163 801 3220 quam
831 3148 992 3202 animi
1035 3150 1275 3203 vanitate
1321 3167 1386 3203 ac
1414 3166 1678 3204 novarum
1723 3149 1899 3210 studio

104 3247 286 3285 rerum
333 3232 587 3306 abreptus
621 3234 914 3288 errantium
949 3234 1188 3308 vestigia
1220 3231 1510 3307 premere?
1587 3232 1796 3290 Verum
1832 3236 1899 3291 ad

108 3314 231 3388 quid
272 3333 379 3372 non
421 3318 672 3373 mortalia
714 3320 865 3393 cogit
917 3323 1143 3392 pectora
1187 3335 1346 3374 sacra
1387 3321 1647 3376 ‘novitatis
1693 3318 1899 3378 fames!

219 3398 295 3456 Ut
305 3401 343 3456 J
347 3405 675 3459 ansenianae
698 3406 867 3476 partis
892 3405 1142 3462 asseclae
1158 3402 1323 3461 Sedis
1338 3404 1692 3480 Apostolicae
1705 3406 1899 3463 Bullas

110 3485 409 3558 eluderent,
433 3491 688 3563 imprimis
703 3485 1154 3548 constitutionem
1179 3489 1483 3548 Alexandri
1494 3490 1617 3550 VII.
1643 3509 1694 3549 a.
1713 3495 1743 3549 l
1754 3493 1899 3553 656.
