<?xml version="1.0" encoding="UTF-8"?>
<!DOCTYPE html PUBLIC "-//W3C//DTD XHTML 1.0 Transitional//EN"
    "http://www.w3.org/TR/xhtml1/DTD/xhtml1-transitional.dtd">
<html xmlns="http://www.w3.org/1999/xhtml" xml:lang="en" lang="en">
 <head>
  <title>
</title>
<meta http-equiv="Content-Type" content="text/html;charset=utf-8" />
  <meta name='ocr-system' content='tesseract 3.04.00' />
  <meta name='ocr-capabilities' content='ocr_page ocr_carea ocr_par ocr_line ocrx_word'/>
</head>
<body>
  <div class='ocr_page' id='page_1' title='image "./ra546170800balluoft_0060.png"; bbox 0 0 2326 3854; ppageno 0'>
   <div class='ocr_carea' id='block_1_1' title="bbox 1415 184 1590 192">
    <p class='ocr_par' dir='ltr' id='par_1_1' title="bbox 1415 184 1590 192">
     <span class='ocr_line' id='line_1_1' title="bbox 1415 184 1590 192; baseline 0 3662"><span class='ocrx_word' id='word_1_1' title='bbox 1415 184 1590 192; x_wconf 95' lang='lat' dir='ltr'> </span> 
     </span>
    </p>
   </div>
   <div class='ocr_carea' id='block_1_2' title="bbox 959 170 1322 206">
    <p class='ocr_par' dir='ltr' id='par_1_2' title="bbox 959 170 1322 206">
     <span class='ocr_line' id='line_1_2' title="bbox 959 170 1322 206; baseline -0.003 0"><span class='ocrx_word' id='word_1_2' title='bbox 959 186 1129 193; x_wconf 37' lang='lat'><em>--—-—⁴-</em></span> <span class='ocrx_word' id='word_1_3' title='bbox 1223 170 1322 206; x_wconf 79' lang='lat' dir='ltr'>mv</span> 
     </span>
    </p>
   </div>
   <div class='ocr_carea' id='block_1_3' title="bbox 332 318 2278 1519">
    <p class='ocr_par' dir='ltr' id='par_1_3' title="bbox 332 318 2278 1519">
     <span class='ocr_line' id='line_1_3' title="bbox 345 318 2197 392; baseline 0.002 -22"><span class='ocrx_word' id='word_1_4' title='bbox 345 337 641 391; x_wconf 85' lang='lat' dir='ltr'>scoporum‚</span> <span class='ocrx_word' id='word_1_5' title='bbox 671 318 1139 391; x_wconf 87' lang='lat' dir='ltr'>jurisdictionisque</span> <span class='ocrx_word' id='word_1_6' title='bbox 1178 318 1425 390; x_wconf 85' lang='lat' dir='ltr'><strong>originem</strong></span> <span class='ocrx_word' id='word_1_7' title='bbox 1466 329 1614 389; x_wconf 89' lang='lat' dir='ltr'>atque</span> <span class='ocrx_word' id='word_1_8' title='bbox 1652 320 2095 392; x_wconf 82' lang='lat' dir='ltr'>propagationem,</span> <span class='ocrx_word' id='word_1_9' title='bbox 2147 332 2197 375; x_wconf 87' lang='lat' dir='ltr'>et</span> 
     </span>
     <span class='ocr_line' id='line_1_4' title="bbox 343 418 2196 495; baseline 0 -20"><span class='ocrx_word' id='word_1_10' title='bbox 343 421 478 475; x_wconf 86' lang='lat' dir='ltr'>circa</span> <span class='ocrx_word' id='word_1_11' title='bbox 518 421 844 476; x_wconf 88' lang='lat' dir='ltr'>celeberrima</span> <span class='ocrx_word' id='word_1_12' title='bbox 882 418 1084 476; x_wconf 79' lang='lat' dir='ltr'>decreta</span> <span class='ocrx_word' id='word_1_13' title='bbox 1112 418 1330 475; x_wconf 86' lang='lat' dir='ltr'>Concilii</span> <span class='ocrx_word' id='word_1_14' title='bbox 1353 418 1783 487; x_wconf 84' lang='lat' dir='ltr'>ConstantiensiS,</span> <span class='ocrx_word' id='word_1_15' title='bbox 1824 440 1956 492; x_wconf 90' lang='lat' dir='ltr'>quae</span> <span class='ocrx_word' id='word_1_16' title='bbox 1993 423 2196 495; x_wconf 83' lang='lat' dir='ltr'>longam</span> 
     </span>
     <span class='ocr_line' id='line_1_5' title="bbox 341 507 2193 597; baseline 0.001 -21"><span class='ocrx_word' id='word_1_17' title='bbox 341 507 718 578; x_wconf 82' lang='lat' dir='ltr'>meditationem</span> <span class='ocrx_word' id='word_1_18' title='bbox 758 533 909 594; x_wconf 89' lang='lat' dir='ltr'>atque</span> <span class='ocrx_word' id='word_1_19' title='bbox 948 522 1337 595; x_wconf 87' lang='lat' dir='ltr'>disputationem</span> <span class='ocrx_word' id='word_1_20' title='bbox 1363 524 1703 596; x_wconf 85' lang='lat' dir='ltr'><strong>postulabant.</strong></span> <span class='ocrx_word' id='word_1_21' title='bbox 1782 523 1894 578; x_wconf 92' lang='lat' dir='ltr'>Hoc</span> <span class='ocrx_word' id='word_1_22' title='bbox 1927 534 2007 578; x_wconf 87' lang='lat' dir='ltr'>est</span> <span class='ocrx_word' id='word_1_23' title='bbox 2045 544 2193 597; x_wconf 83' lang='lat' dir='ltr'>argu-</span> 
     </span>
     <span class='ocr_line' id='line_1_6' title="bbox 340 624 2196 700; baseline 0.002 -22"><span class='ocrx_word' id='word_1_24' title='bbox 340 636 564 679; x_wconf 82' lang='lat' dir='ltr'><strong>mentum</strong></span> <span class='ocrx_word' id='word_1_25' title='bbox 603 629 711 698; x_wconf 92' lang='lat' dir='ltr'>ejus</span> <span class='ocrx_word' id='word_1_26' title='bbox 750 624 937 698; x_wconf 84' lang='lat' dir='ltr'>operiS‚</span> <span class='ocrx_word' id='word_1_27' title='bbox 977 627 1107 696; x_wconf 88' lang='lat' dir='ltr'><strong>quod</strong></span> <span class='ocrx_word' id='word_1_28' title='bbox 1131 644 1257 679; x_wconf 84' lang='lat' dir='ltr'>mox</span> <span class='ocrx_word' id='word_1_29' title='bbox 1292 626 1583 699; x_wconf 83' lang='lat' dir='ltr'><strong>subjicietur</strong></span> <span class='ocrx_word' id='word_1_30' title='bbox 1608 626 1933 700; x_wconf 86' lang='lat' dir='ltr'>inscriptum:</span> <span class='ocrx_word' id='word_1_31' title='bbox 1973 629 2061 681; x_wconf 84' lang='lat' dir='ltr'>De</span> <span class='ocrx_word' id='word_1_32' title='bbox 2092 629 2196 681; x_wconf 89' lang='lat' dir='ltr'>Po-</span> 
     </span>
     <span class='ocr_line' id='line_1_7' title="bbox 340 729 2197 801; baseline 0 -19"><span class='ocrx_word' id='word_1_33' title='bbox 340 737 529 782; x_wconf 79' lang='lat' dir='ltr'>testate</span> <span class='ocrx_word' id='word_1_34' title='bbox 569 730 956 782; x_wconf 83' lang='lat' dir='ltr'>Ecclesiastica</span> <span class='ocrx_word' id='word_1_35' title='bbox 998 729 1336 782; x_wconf 72' lang='lat' dir='ltr'>Summarum</span> <span class='ocrx_word' id='word_1_36' title='bbox 1376 730 1703 801; x_wconf 80' lang='lat' dir='ltr'>Pontificum</span> <span class='ocrx_word' id='word_1_37' title='bbox 1742 739 1794 783; x_wconf 85' lang='lat' dir='ltr'>et</span> <span class='ocrx_word' id='word_1_38' title='bbox 1832 731 2197 784; x_wconf 80' lang='lat' dir='ltr'>Conciliorum</span> 
     </span>
     <span class='ocr_line' id='line_1_8' title="bbox 335 829 2197 904; baseline 0.001 -21"><span class='ocrx_word' id='word_1_39' title='bbox 335 833 690 900; x_wconf 69' lang='lat' dir='ltr'>yeneralium.</span> <span class='ocrx_word' id='word_1_40' title='bbox 766 829 862 884; x_wconf 89' lang='lat' dir='ltr'>His</span> <span class='ocrx_word' id='word_1_41' title='bbox 899 831 1156 904; x_wconf 83' lang='lat' dir='ltr'>principiis</span> <span class='ocrx_word' id='word_1_42' title='bbox 1193 830 1488 904; x_wconf 83' lang='lat' dir='ltr'>praemissis</span> <span class='ocrx_word' id='word_1_43' title='bbox 1538 842 1590 886; x_wconf 87' lang='lat' dir='ltr'>et</span> <span class='ocrx_word' id='word_1_44' title='bbox 1626 832 1944 904; x_wconf 84' lang='lat' dir='ltr'>praestitutis</span> <span class='ocrx_word' id='word_1_45' title='bbox 1991 832 2197 887; x_wconf 87' lang='lat' dir='ltr'>brevior</span> 
     </span>
     <span class='ocr_line' id='line_1_9' title="bbox 342 931 2195 988; baseline 0.001 -2"><span class='ocrx_word' id='word_1_46' title='bbox 342 942 393 986; x_wconf 92' lang='lat' dir='ltr'>et</span> <span class='ocrx_word' id='word_1_47' title='bbox 430 931 713 987; x_wconf 82' lang='lat' dir='ltr'>evidentior</span> <span class='ocrx_word' id='word_1_48' title='bbox 749 932 838 986; x_wconf 91' lang='lat' dir='ltr'>fiet</span> <span class='ocrx_word' id='word_1_49' title='bbox 875 931 918 986; x_wconf 86' lang='lat' dir='ltr'>F</span> <span class='ocrx_word' id='word_1_50' title='bbox 924 934 1120 987; x_wconf 86' lang='lat' dir='ltr'>ebronii</span> <span class='ocrx_word' id='word_1_51' title='bbox 1158 934 1433 988; x_wconf 85' lang='lat' dir='ltr'>confutatio</span> <span class='ocrx_word' id='word_1_52' title='bbox 1472 935 1568 988; x_wconf 92' lang='lat' dir='ltr'>hoc</span> <span class='ocrx_word' id='word_1_53' title='bbox 1605 934 1750 987; x_wconf 88' lang='lat' dir='ltr'>titulo</span> <span class='ocrx_word' id='word_1_54' title='bbox 1790 934 2010 988; x_wconf 84' lang='lat' dir='ltr'>edenda:</span> <span class='ocrx_word' id='word_1_55' title='bbox 2071 936 2195 987; x_wconf 74' lang='lat' dir='ltr'><em>Vin-</em></span> 
     </span>
     <span class='ocr_line' id='line_1_10' title="bbox 340 1037 2194 1108; baseline 0.001 -19"><span class='ocrx_word' id='word_1_56' title='bbox 340 1038 516 1090; x_wconf 81' lang='lat' dir='ltr'>diciae</span> <span class='ocrx_word' id='word_1_57' title='bbox 555 1039 898 1090; x_wconf 78' lang='lat' dir='ltr'>auctoritatis</span> <span class='ocrx_word' id='word_1_58' title='bbox 938 1038 1262 1108; x_wconf 79' lang='lat' dir='ltr'>Pontificiae</span> <span class='ocrx_word' id='word_1_59' title='bbox 1301 1045 1494 1093; x_wconf 80' lang='lat' dir='ltr'>contra</span> <span class='ocrx_word' id='word_1_60' title='bbox 1533 1057 1668 1108; x_wconf 83' lang='lat' dir='ltr'>opus</span> <span class='ocrx_word' id='word_1_61' title='bbox 1696 1038 1899 1090; x_wconf 76' lang='lat' dir='ltr'>Justini</span> <span class='ocrx_word' id='word_1_62' title='bbox 1922 1037 2194 1090; x_wconf 68' lang='lat' dir='ltr'>Febr-onii.</span> 
     </span>
     <span class='ocr_line' id='line_1_11' title="bbox 337 1138 2194 1211; baseline 0.001 -20"><span class='ocrx_word' id='word_1_63' title='bbox 337 1138 564 1192; x_wconf 84' lang='lat' dir='ltr'>Accedet</span> <span class='ocrx_word' id='word_1_64' title='bbox 599 1138 801 1193; x_wconf 84' lang='lat' dir='ltr'>tandem</span> <span class='ocrx_word' id='word_1_65' title='bbox 826 1138 1127 1210; x_wconf 78' lang='lat' dir='ltr'>Appendix</span> <span class='ocrx_word' id='word_1_66' title='bbox 1166 1143 1234 1194; x_wconf 85' lang='lat' dir='ltr'>de</span> <span class='ocrx_word' id='word_1_67' title='bbox 1273 1142 1668 1211; x_wconf 75' lang='lat' dir='ltr'>infallibilitate</span> <span class='ocrx_word' id='word_1_68' title='bbox 1697 1141 1993 1211; x_wconf 77' lang='lat' dir='ltr'>Pontificia</span> <span class='ocrx_word' id='word_1_69' title='bbox 2020 1143 2075 1192; x_wconf 80' lang='lat' dir='ltr'>in</span> <span class='ocrx_word' id='word_1_70' title='bbox 2102 1142 2194 1193; x_wconf 82' lang='lat' dir='ltr'>de-</span> 
     </span>
     <span class='ocr_line' id='line_1_12' title="bbox 332 1242 2196 1316; baseline 0.001 -22"><span class='ocrx_word' id='word_1_71' title='bbox 332 1243 666 1312; x_wconf 76' lang='lat' dir='ltr'>finitionibus</span> <span class='ocrx_word' id='word_1_72' title='bbox 715 1245 1032 1313; x_wconf 73' lang='lat' dir='ltr'>doymaticis</span> <span class='ocrx_word' id='word_1_73' title='bbox 1061 1243 1146 1316; x_wconf 71' lang='lat'><strong>¹¹²),</strong></span> <span class='ocrx_word' id='word_1_74' title='bbox 1204 1263 1336 1315; x_wconf 83' lang='lat' dir='ltr'>quae</span> <span class='ocrx_word' id='word_1_75' title='bbox 1380 1243 1434 1296; x_wconf 88' lang='lat' dir='ltr'>in</span> <span class='ocrx_word' id='word_1_76' title='bbox 1484 1243 1579 1298; x_wconf 90' lang='lat' dir='ltr'>hoc</span> <span class='ocrx_word' id='word_1_77' title='bbox 1626 1242 1850 1297; x_wconf 85' lang='lat' dir='ltr'>themate</span> <span class='ocrx_word' id='word_1_78' title='bbox 1897 1261 1998 1295; x_wconf 89' lang='lat' dir='ltr'>non</span> <span class='ocrx_word' id='word_1_79' title='bbox 2037 1260 2196 1315; x_wconf 81' lang='lat' dir='ltr'>pauca</span> 
     </span>
     <span class='ocr_line' id='line_1_13' title="bbox 337 1344 2278 1420; baseline 0.001 -24"><span class='ocrx_word' id='word_1_80' title='bbox 337 1344 510 1410; x_wconf 85' lang='lat' dir='ltr'>utilia,</span> <span class='ocrx_word' id='word_1_81' title='bbox 568 1345 650 1399; x_wconf 91' lang='lat' dir='ltr'>vel</span> <span class='ocrx_word' id='word_1_82' title='bbox 698 1344 850 1399; x_wconf 83' lang='lat' dir='ltr'>etiam</span> <span class='ocrx_word' id='word_1_83' title='bbox 897 1347 1190 1401; x_wconf 84' lang='lat' dir='ltr'>necessaria</span> <span class='ocrx_word' id='word_1_84' title='bbox 1238 1345 1586 1420; x_wconf 85' lang='lat' dir='ltr'>suppeditabit.</span> <span class='ocrx_word' id='word_1_85' title='bbox 1671 1344 1749 1399; x_wconf 83' lang='lat' dir='ltr'>Ita</span> <span class='ocrx_word' id='word_1_86' title='bbox 1795 1364 1886 1418; x_wconf 90' lang='lat' dir='ltr'>pro</span> <span class='ocrx_word' id='word_1_87' title='bbox 1936 1364 2036 1398; x_wconf 88' lang='lat' dir='ltr'>uno</span> <span class='ocrx_word' id='word_1_88' title='bbox 2094 1344 2195 1397; x_wconf 86' lang='lat' dir='ltr'>tria</span> <span class='ocrx_word' id='word_1_89' title='bbox 2272 1400 2278 1405; x_wconf 70' lang='grc'><strong>,</strong></span> 
     </span>
     <span class='ocr_line' id='line_1_14' title="bbox 339 1447 796 1519; baseline 0.004 -20"><span class='ocrx_word' id='word_1_90' title='bbox 339 1465 494 1518; x_wconf 87' lang='lat' dir='ltr'>opera</span> <span class='ocrx_word' id='word_1_91' title='bbox 530 1447 796 1519; x_wconf 87' lang='lat' dir='ltr'>prodeunt.</span> 
     </span>
    </p>
   </div>
   <div class='ocr_carea' id='block_1_4' title="bbox 339 1667 2198 1787">
    <p class='ocr_par' dir='ltr' id='par_1_4' title="bbox 339 1667 2198 1787">
     <span class='ocr_line' id='line_1_15' title="bbox 459 1667 2198 1729; baseline -0.002 -14"><span class='ocrx_word' id='word_1_92' title='bbox 459 1672 725 1725; x_wconf 20' lang='lat' dir='ltr'>*)*Annexa</span> <span class='ocrx_word' id='word_1_93' title='bbox 748 1677 827 1716; x_wconf 71' lang='lat' dir='ltr'>veut</span> <span class='ocrx_word' id='word_1_94' title='bbox 857 1670 1013 1728; x_wconf 75' lang='lat' dir='ltr'>operiz</span> <span class='ocrx_word' id='word_1_95' title='bbox 1045 1670 1113 1717; x_wconf 78' lang='lat' dir='ltr'>De</span> <span class='ocrx_word' id='word_1_96' title='bbox 1140 1671 1195 1729; x_wconf 71' lang='lat' dir='ltr'>Vt·</span> <span class='ocrx_word' id='word_1_97' title='bbox 1226 1671 1471 1716; x_wconf 56' lang='lat' dir='ltr'>Primatum</span> <span class='ocrx_word' id='word_1_98' title='bbox 1505 1667 1730 1729; x_wconf 76' lang='lat' dir='ltr'>pag.349.</span> <span class='ocrx_word' id='word_1_99' title='bbox 1764 1673 1951 1714; x_wconf 70' lang='lat' dir='ltr'>nostrae</span> <span class='ocrx_word' id='word_1_100' title='bbox 1981 1667 2198 1716; x_wconf 70' lang='lat' dir='ltr'>editionis</span> 
     </span>
     <span class='ocr_line' id='line_1_16' title="bbox 339 1741 549 1787; baseline 0 0"><span class='ocrx_word' id='word_1_101' title='bbox 339 1759 380 1787; x_wconf 81' lang='lat' dir='ltr'>a.</span> <span class='ocrx_word' id='word_1_102' title='bbox 418 1741 549 1787; x_wconf 78' lang='lat'>1845.</span> 
     </span>
    </p>
   </div>
  </div>
 </body>
</html>
