2326 3854
710 237 1336 292 -—-101————-

120 408 601 473 Universitatemque
627 402 965 455 Parisiensem
990 401 1298 453 manifestum
1337 408 1429 451 est.
1483 394 1671 462 Quodsi
1698 397 1915 463 quando-

121 512 212 562 que
263 492 307 544 ei
357 490 542 562 synodo
591 491 790 559 ejusque
849 486 1058 539 decretis
1106 485 1286 554 aliquid
1340 482 1568 535 detulisse
1615 479 1754 533 visus
1813 490 1916 545 est3

119 587 460 648 praeterquam
497 574 622 642 quod
659 572 777 623 nihil
815 572 925 623 hinc
963 581 1129 623 certae
1156 580 1205 622 et
1239 585 1511 639 expressae
1550 564 1918 636 approbationis

118 663 331 732 ipsorum
367 661 672 712 decretorum
711 656 816 709 erui
851 666 1030 726 potest,
1067 656 1114 706 id
1152 654 1344 717 accidit,
1384 671 1489 705 cnm
1528 652 1748 722 captivus
1787 647 1917 702 Cae-

121 746 247 798 saris
285 754 334 796 et
373 741 582 796 Concilii
617 740 715 794 vim
752 741 1047 810 patiebatur,
1087 758 1212 808 quae
1251 738 1650 809 approbationem
1688 734 1772 806 (ut
1808 751 1919 786 esse

119 827 345 896 deberet)
384 826 579 879 omnino
616 826 818 877 liberam
857 835 905 877 et
940 825 1266 879 voluntariam
1306 822 1540 876 excludit.

258 914 310 965 3.
383 910 561 980 Neque
606 910 823 981 legitima
873 902 1173 982 approbatio
1217 908 1381 979 colligi
1439 917 1603 979 potest
1666 924 1732 958 ex
1780 903 1919 955 Mar-

118 998 222 1050 tino
259 995 326 1050 V.
374 996 455 1065 qui
501 998 559 1047 ab
611 996 777 1048 eodem
828 993 1052 1048 Concilio
1103 996 1315 1058 electuS‚
1367 1003 1532 1046 certus
1581 1002 1630 1044 et
1672 990 1919 1060 legitimus

118 1081 358 1134 Pontifex
405 1082 509 1132 fuit.
592 1078 649 1132 Si
695 1098 817 1148 quae
862 1081 905 1132 is
952 1081 1153 1133 fecisset
1214 1099 1302 1150 pro
1355 1077 1639 1131 memoratis
1690 1075 1918 1138 decretiS‚

117 1186 222 1219 cum
259 1176 491 1235 tanquam
519 1162 795 1217 Cal-dinalis
832 1165 926 1235 ipsi
963 1166 1154 1235 synodo
1181 1165 1356 1227 adfuit,
1398 1164 1597 1214 nihilum
1622 1160 1920 1213 adversariis

118 1252 398 1322 prodesset:
438 1267 593 1319 neque
631 1248 760 1300 enim
796 1259 939 1318 gesta
978 1246 1255 1301 Cardinalis
1282 1248 1574 1300 Pontificiae
1612 1244 1919 1297 auctoritatis

119 1345 168 1387 et
213 1333 592 1387 confirmationis
652 1333 847 1385 nomine
905 1335 1077 1386 donari
1126 1344 1327 1403 queunt.
1403 1330 1545 1399 Quae
1592 1349 1712 1386 vero
1762 1328 1920 1398 gessit

116 1429 226 1491 post
261 1419 616 1490 promotionem
663 1420 723 1471 ad
760 1417 1130 1486 Pontificatum,
1178 1420 1274 1471 nisi
1312 1418 1711 1490 approbationem
1749 1433 1917 1467 eorum

115 1505 421 1556 decretorum
460 1522 752 1573 expressam
803 1514 852 1556 et
902 1504 1133 1556 sanandis
1171 1505 1437 1558 defectibus
1493 1502 1709 1574 apprime
1747 1518 1918 1552 neces-

119 1589 300 1640 sariam
337 1588 627 1655 exhibeant,
678 1607 785 1640 cum
824 1589 931 1641 aliis
970 1598 1117 1658 atque
1155 1590 1264 1641 aliis
1301 1588 1462 1641 causis
1511 1588 1661 1640 tribui
1709 1585 1917 1656 possint,

119 1673 238 1724 nihil
273 1673 459 1743 pariter
488 1676 682 1743 juvant.
757 1673 920 1726 Porro
959 1693 1066 1726 eum
1105 1692 1347 1744 expresse
1394 1673 1586 1743 quidem
1623 1657 1919 1742 approbasse

119 1767 263 1829 gesta
311 1767 482 1809 contra
518 1757 757 1812 Joannem
797 1748 1394 1822 Wicleffi11n‚‘Joan'nem
1433 1758 1539 1810 Hus
1579 1768 1629 1810 et
1664 1756 1918 1825 Hierony-

118 1861 246 1895 mum
271 1840 578 1912 Pragensem
617 1853 804 1895 certum
842 1853 917 1895 est
953 1861 1022 1895 ex
1059 1844 1244 1895 duabus
1281 1843 1433 1915 ipsius
1472 1839 1919 1906 Constitutionibus

120 1928 248 1980 datis
287 1937 402 1979 ante
438 1928 581 1980 finem
621 1927 828 1980 Concilii
865 1929 915 1980 8.
955 1927 1069 1980 Ral.
1108 1927 1313 1994 Martii3
1362 1939 1411 1982 et
1458 1929 1508 1980 in
1555 1947 1654 1979 una
1699 1927 1917 1997 ipsarum

119 2011 214 2082 (T.
258 2013 340 2064 16.
382 2010 536 2065 Cone.
564 2014 679 2065 ‘'col.
722 2012 871 2078 765.)
912 2031 1035 2081 quae
1073 2013 1265 2083 incipit,
1318 2017 1378 2066 In
1417 2017 1661 2066 eminenti
1698 2011 1918 2080 Aposto-

118 2099 250 2149 licae
288 2101 556 2166 dignitatis
594 2100 836 2166 specula,
881 2117 1050 2150 omnes
1104 2098 1345 2164 defectus,
1395 2087 1666 2169 quicunque
1712 2098 1763 2149 in
1802 2115 1919 2148 con-

117 2182 399 2255 demnandis
436 2201 604 2234 eorum
642 2183 892 2235 erroribus
929 2183 1139 2235 fuissent
1174 2184 1389 2249 admissi,
1427 2185 1515 2236 abs
1553 2202 1607 2236 se
1645 2182 1829 2248 sanari,
1869 2191 1918 2233 et

118 2266 340 2334 quidquid
379 2267 638 2331 defuisset,
689 2268 900 2338 suppleri
947 2269 1224 2322 affirmavit.
1313 2269 1513 2320 Nullum
1563 2286 1680 2321 vero
1730 2266 1916 2336 uspiam

117 2350 345 2402 indicium
382 2352 746 2422 approbationis
784 2371 951 2404 eorum
989 2354 1313 2418 decretorum,
1352 2373 1476 2422 quae
1513 2352 1745 2422 generale
1785 2349 1919 2403 Con-

34 2500 43 2508 ·
119 2435 276 2487 cilium
313 2454 459 2506 supra
493 2438 664 2507 ipsum
688 2456 925 2488 summum
962 2437 1252 2491 Pontificem
1291 2441 1577 2510 praeferunt
1614 2435 1918 2489 sessionibus

119 2518 209 2574 IV.
249 2530 298 2573 et
333 2519 409 2599 V..
472 2521 613 2574 Adeo
650 2540 771 2575 vero
798 2541 929 2584 =eum
969 2542 1066 2576 non
1107 2526 1405 2594 approbasse
1451 2521 1686 2594 ejusmodi
1723 2522 1919 2581 decreta

119 2606 431 2676 exploratum
468 2616 562 2672 est,
601 2618 652 2658 ut
688 2607 792 2678 ipsa
830 2607 992 2678 potius
1031 2609 1304 2672 certissime
1341 2608 1698 2679 reprobaverit,
1736 2627 1839 2660 cum
1867 2607 1916 2657 iu

120 2690 286 2764 eodem
333 2688 552 2743 Concilio
591 2691 796 2745 Polonis
835 2692 1129 2745 Oratoribus
1175 2694 1262 2745 sub
1312 2711 1470 2764 poena
1521 2693 1919 2746 excommunica-

104 2774 269 2854 tionis
306 2775 573 2843 prohibuit‚
613 2794 674 2828 ne
713 2795 743 2828 a
779 2775 1022 2830 Pontifice
1060 2779 1119 2829 ad
1157 2779 1389 2848 generale
1428 2776 1700 2831 Concilium
1740 2796 1919 2848 provo-

120 2867 307 2924 carent,
347 2868 396 2910 et
430 2857 630 2928 speciali
666 2879 855 2929 quoque
891 2861 1033 2913 Bulla
1080 2863 1347 2916 declaravit
1384 2865 1514 2915 nullo
1552 2880 1773 2933 unquam·
1803 2881 1921 2915 casu

120 2941 267 2994 licere
303 2961 390 3012 per
427 2943 698 3024 hujusmodi
746 2946 1116 3015 appellationem
1169 2965 1223 2998 se
1273 2949 1334 2999 ab
1371 2949 1676 3019 Apostolicis
1725 2947 1920 3018 judiciis

121 3027 410 3079 subducere:
459 3045 601 3096 quam
647 3027 838 3080 Bullam
889 3030 1056 3082 eorun’l
1105 3031 1410 3084 decretorum
1460 3032 1917 3086 Constantiensimn

116 3115 510 3190 fundamentale
565 3117 778 3180 penitus
840 3116 1004 3166 robur
1064 3119 1392 3184 destruxisse
1450 3118 1669 3171 Joannes
1725 3116 1920 3169 Gerson

122 3194 335 3265 ipsorum
371 3196 663 3268 praecipuus
699 3209 950 3269 promotor
988 3198 1037 3251 et
1072 3200 1259 3253 vindex
1298 3201 1524 3272 (Dialog.
1567 3202 1760 3272 apolog.
1800 3211 1918 3254 tom.

123 3280 172 3330 ἱ).
220 3298 332 3349 pag.
370 3281 504 3353 390)
557 3293 854 3352 conquestus
904 3294 994 3336 est.
1099 3283 1222 3337 Cum
1278 3287 1444 3356 itaque
1499 3287 1668 3339 iisdem
1716 3285 1921 3339 Polonis

123 3364 398 3432 petentibus
436 3368 675 3436 cujusdam
716 3368 825 3420 libri
877 3370 1328 3422 condemnationem
1369 3369 1621 3423 Martinus
1669 3372 1921 3443 respondit

128 3445 224 3515 (T.
266 3449 349 3501 16.
392 3448 546 3503 Conc.
594 3454 684 3504 col.
727 3454 849 3508 746.
890 3454 991 3524 a),
1043 3473 1096 3507 se
1135 3460 1308 3508 omnia
1348 3465 1398 3509 et
1434 3460 1639 3527 sin-qula
1680 3461 1920 3510 determi-
