2326 3854
990 123 1608 179 *μς-..-

374 297 496 360 gata
546 297 596 341 et
648 288 1029 360 circumscripta
1081 306 1195 342 esse
1247 289 1488 354 debebat3
1543 305 1644 340 non
1692 287 1822 340 idem
1867 289 2122 344 dicendum
2162 293 2222 345 de

375 375 622 429 Romanis
661 374 1022 440 Pontificibus,
1063 375 1147 444 qui
1187 393 1298 428 cum
1335 375 1389 428 in
1427 374 1628 430 divinae
1667 373 2004 430 institutionis
2037 379 2221 450 prima-

373 473 478 516 tum
518 463 786 517 succedant
823 461 880 516 S.
922 461 1110 529 Petro,
1159 480 1230 515 ex
1268 463 1441 517 eadem
1477 461 1794 515 institutione
1833 462 2000 518 divina
2037 466 2100 517 ob
2137 484 2221 519 ca-

373 550 589 604 tholicae
629 549 835 603 unitatis
876 547 1153 602 custodiam
1184 551 1270 622 jus
1297 550 1626 604 obtinuerunt
1651 551 1704 603 in
1727 550 2018 605 universam
2043 549 2222 606 Eccle-

374 636 530 702 siam,
588 655 748 707 aeque
797 653 855 688 ac
907 635 1168 689 obtinebat
1217 635 1270 692 S.
1322 637 1543 706 Petrus3
1606 657 1699 692 nec
1737 638 1982 711 quispiam
2019 649 2223 711 poterat

373 734 460 776 aut
508 722 695 795 poterit
747 722 927 776 eidem
956 722 1124 778 divino
1179 726 1421 797 ejusmodi
1461 725 1566 798 juri
1612 725 1794 795 aliquid
1830 726 2099 781 detrahere
2137 737 2223 780 aut

372 811 639 880 derogare.
717 809 850 864 Hinc
893 810 1260 883 Apostolorum
1300 815 1385 884 jus
1433 813 1485 865 in
1522 822 1681 867 totam
1719 811 2003 868 Ecclesiam
2042 823 2222 868 extra-

372 900 711 950 ordinarium
749 899 1112 967 quodammodo
1155 899 1277 965 fuit,
1318 900 1447 970 quod
1485 900 1538 951 in
1575 898 1856 972 Episcopos
1897 919 2223 956 eorumsuc—

371 1002 604 1037 cessores
653 1003 755 1037 non
805 986 1092 1051 descendit,
1150 986 1223 1040 uti
1270 1005 1379 1040 cum
1429 986 1590 1040 Petro
1641 988 1700 1040 de
1747 986 1930 1042 Marca
1968 989 2050 1041 alii
2088 990 2221 1043 docti

370 1069 622 1125 Gallicani
672 1071 825 1126 etiam
878 1074 1160 1129 adversarii
1208 1074 1547 1146 appellarunt:
1599 1073 1749 1128 Petri
1801 1085 1968 1130 autem
2007 1067 2100 1130 fuit
2138 1098 2220 1130 or-

371 1162 644 1212 dinarium
656 1191 672 1222 ,-
719 1161 851 1230 quod
900 1161 1155 1215 una‘cum
1193 1161 1409 1233 primatu
1446 1162 1656 1215 transiit
1695 1163 1747 1214 in
1778 1161 2042 1217 Romanos
2080 1162 2220 1217 Pon-

368 1246 528 1301 tifices
566 1248 789 1319 ejusdem
826 1248 1073 1321 primatus
1112 1258 1164 1303 et
1191 1249 1325 1320 juris
1365 1249 1592 1304 heredes,

514 1335 567 1388 9.
626 1332 790 1388 Sicuti
838 1355 993 1408 porro
1045 1336 1207 1390 nullus
1252 1335 1648 1408 Apostolorum,
1706 1338 1791 1408 qui
1838 1338 1973 1392 inter
2025 1358 2080 1392 se
2130 1358 2220 1411 po-

367 1430 553 1475 testate
602 1432 753 1476 erant
801 1424 1066 1495 aequales,
1116 1425 1233 1495 jure
1283 1423 1451 1478 divino
1505 1424 1618 1478 aliis
1666 1424 1933 1498 Apostolis
1984 1436 2221 1498 praeerat

368 1508 468 1562 nisi
505 1509 643 1563 solus
675 1508 896 1577 Petrus,
935 1511 1021 1582 qui
1056 1510 1256 1565 ratione
1293 1510 1537 1583 primatus
1575 1530 1647 1567 ex
1683 1503 2002 1567 institutione
2029 1511 2222 1567 Christi

368 1614 468 1648 non
531 1605 636 1650 tam
693 1598 967 1653 universae
1016 1597 1311 1665 Ecclesiae,
1381 1617 1530 1668 quam
1579 1599 1703 1672 ipsis
1755 1600 1906 1653 etiam
1955 1599 2220 1672 Apostolis

367 1682 631 1739 Ecclesiae
668 1682 994 1757 Principibus
1033 1685 1275 1757 peculiari
1304 1688 1422 1759 jure
1459 1687 1783 1759 praestabat3
1828 1686 1904 1740 ita
1940 1686 2061 1740 nulli
2083 1705 2220 1758 quo-

367 1790 462 1841 que
522 1770 918 1844 Episcoporum,
981 1773 1065 1843 qui
1114 1773 1166 1825 in
1215 1773 1583 1846 Apostolorum
1632 1775 1796 1828 locum
1846 1784 2219 1839 successerunt⁷

358 1847 474 1930 jure
523 1859 691 1915 divino
742 1859 981 1933 competit
1018 1860 1304 1932 jurisdictio
1344 1861 1397 1921 in
1436 1863 1566 1915 alios
1602 1860 1913 1934 Episcopus9
1971 1861 2070 1915 nisi
2109 1861 2218 1915 Ro-

366 1966 515 2000 mano
555 1945 817 2014 Pontifici,
868 1948 923 2000 in
971 1966 1117 2018 quem
1162 1947 1294 2002 idem
1333 1947 1389 2002 S.
1430 1948 1580 2002 Petri
1617 1949 1864 2021 primatus
1902 1935 2103 2006 divinae
2139 1949 2219 2001 in-

366 2034 644 2088 stitutionis
682 2035 958 2090 descendit.
1035 2034 1148 2089 Hac
1186 2035 1383 2106 quidem
1421 2037 1481 2090 de
1520 2054 1674 2090 causa
1711 2036 1830 2090 nulli
1866 2033 2217 2102 Patriarcbae,

365 2121 726 2195 Metropolitae
771 2121 950 2193 nulli¹)
993 2125 1111 2195 jure
1160 2123 1331 2178 divino
1379 2123 1598 2177 instituti
1648 2135 1792 2192 sunt,
1844 2125 2021 2195 quibus
2065 2124 2219 2196 juris-

367 2209 516 2264 dictio
553 2209 607 2262 in
645 2208 769 2264 suae
806 2210 1034 2282 regionis
1072 2221 1160 2264 aut
1194 2211 1488 2283 provinciae
1516 2209 1798 2286 Episcopos
1837 2211 2011 2266 eodem
2049 2210 2219 2266 divino

364 2300 476 2369 jure
527 2308 802 2370 competat3
853 2299 942 2352 sed
988 2315 1164 2352 omnes
1201 2295 1602 2354 Ecclesiasticae
1638 2310 1728 2353 aut
1765 2299 2097 2372 Apostolicae
2139 2298 2219 2357 in-

366 2385 619 2439 stitutioni
669 2386 800 2441 sicut
837 2386 1085 2458 originem
1101 2426 1115 2452 ,
1172 2387 1246 2440 ita
1283 2397 1335 2441 et
1373 2388 1726 2442 auctoritatem
1765 2388 2009 2463 referunt.
2063 2379 2218 2440 ”Cum

366 2473 499 2527 enim
546 2472 603 2528 S.
657 2473 848 2528 Petrus
898 2476 1105 2546 ejusque
1152 2492 1478 2529 successores
1527 2473 1749 2528 Romani
1795 2472 2074 2527 Pontifices
2099 2490 2218 2527 ”nec

365 2561 546 2632 ubique
592 2571 798 2634 praesto
849 2579 997 2628 esse,
1047 2574 1142 2615 nec
1191 2561 1420 2615 omnibus
1457 2559 1724 2633 Episcopis
1769 2578 1860 2632 per
1902 2561 2076 2614 orbem
2115 2559 2215 2612 dis-

364 2649 559 2721 persiS‚
599 2649 995 2720 quotiescunque
1034 2667 1162 2722 opus
1199 2637 1370 2716 essetJ
1419 2659 1629 2720 possent
1665 2667 1756 2720 pro
1795 2666 1886 2701 suo
1905 2649 2029 2718 jure
2056 2664 2220 2717 aeque

367 2745 418 2789 et
459 2735 746 2790 immediate
781 2736 1102 2810 prospicere3
1154 2731 1518 2794 Ecclesiastica
1556 2737 1638 2791 vel
1676 2734 1975 2809 Apostolica
2013 2734 2216 2788 institu-

364 2821 504 2877 tione
541 2823 798 2896 provisum
833 2823 957 2890 fuit,
1006 2823 1163 2876 utin
1200 2822 1415 2895 singulis
1453 2822 1728 2896 provinciis
1767 2821 1982 2895 singuli‚
2033 2831 2084 2876 et
2130 2822 2216 2875 alii

366 2930 566 2965 rursum
622 2911 676 2964 in
736 2910 1062 2984 amplioribus
1126 2910 1418 2982 regionibus
1469 2912 1739 2983 majorem,
1797 2929 1947 2982 qnam
1978 2903 2213 2981 *simplex*

365 2997 701 3072 Episcopatus
750 2999 882 3065 fert,
931 2998 985 3052 in
1033 2999 1171 3072 ipsos
1220 2999 1510 3071 provinciae
1558 3007 1655 3059 aut
1693 2997 1950 3070 amplioris
1988 2994 2213 3073 regionis

365 3085 644 3159 Episcopos
683 3085 929 3140 haberent
966 3086 1350 3155 auctoritatem,
1391 3106 1521 3158 quae
1561 3086 1656 3143 soli
1679 3084 1842 3139 Petro
1864 3086 2074 3157 ejusque
2102 3101 2213 3138 suc-

367 3173 652 3227 cessoribus
701 3177 821 3246 jure
876 3173 1045 3231 divino
1103 3176 1446 3247 competebat3
1517 3185 1597 3228 et»
1623 3173 1717 3227 hac
1772 3171 1995 3235 ratione,
2065 3189 2213 3242 quam

436 3379 471 3432 1)
502 3384 605 3424 Vide
645 3386 689 3428 S.
731 3384 850 3426 Petri
886 3384 1078 3426 Damiani
1119 3385 1353 3439 Epistulam
1395 3385 1450 3426 ad
1491 3367 1820 3433 Eiidem-andum
1865 3382 2210 3424 Archidiaconum

367 3449 468 3483 tom.
500 3444 544 3483 4.
585 3445 739 3485 Rerum
769 3443 905 3485 Italic.
938 3445 1015 3484 col.
1045 3446 1119 3489 27.
1152 3459 1192 3486 a.
