2326 3854
693 203 1290 257 ——41—

84 362 213 422 inter
257 367 419 420 Leon.
468 368 532 418 al.
582 377 694 437 post
732 385 807 436 ep.
847 365 996 435 880:
1057 365 1214 425 Quod
1256 362 1633 413 nonnullorum
1682 365 1884 423 animis,

85 458 175 523 qui
211 454 516 523 Eutycketis
567 456 723 504 etiam
768 469 907 502 nunc
940 468 1169 517 pravam
1207 449 1506 515 opinionem
1545 452 1598 496 et
1622 451 1884 513 perversi-

86 547 246 592 tatem
282 545 547 607 sectantur
561 535 623 608 ¹),
660 536 1046 603 ambiyuitatem
1082 535 1295 585 multam
1330 533 1536 602 injecit,
1583 538 1758 583 atrum
1794 538 1886 584 tua

86 625 403 684 Beatitndo‚
442 638 575 688 quae
611 623 665 670 in
703 621 905 688 synodo
937 621 1152 670 decreta
1189 625 1336 677 sunt,
1372 619 1775 684 confirmaverit.
1817 619 1890 669 Et

84 709 147 759 ob
179 725 292 759 eam
330 723 440 756 rem
469 694 564 754 tua⁶
589 706 766 770 pietas
797 704 1000 755 litteras
1027 706 1230 754 mittere
1261 701 1591 770 diynabitur,
1620 720 1724 769 per
1756 721 1885 770 quas

85 792 317 843 omnibus
347 789 587 840 ecclesiis
634 794 687 838 et
712 788 933 854 populis
971 790 1301 860 manifestum
1334 791 1460 854 fiat,
1508 789 1563 836 in
1596 794 1780 839 sancta
1809 807 1887 857 sy-

82 878 222 927 nodo
243 864 257 891 ⁵
270 880 497 941 peracta
544 892 578 923 a
626 879 719 923 tua
773 871 1114 924 Beatitadine
1162 878 1283 923 rata
1338 871 1536 921 haberi.
1618 870 1665 921 E
1713 881 1890 924 contra

83 977 201 1012 vero
252 955 478 1009 Nicaena
513 954 748 1027 Synodus
783 954 846 1006 H.
892 955 1141 1024 generalis
1178 954 1292 1009 VII.
1333 965 1430 1006 aet.
1470 955 1521 1006 5.
1577 954 1887 1027 Pseudo-sy-

86 1043 213 1094 nodo
251 1040 682 1095 Iconomachorum
717 1039 1078 1111 Episcoporum
1126 1036 1571 1092 CCCXXXVHI.
1600 1041 1888 1092 ‘auetorita-

81 1137 180 1179 tem
245 1125 530 1195 abrogavit,
608 1135 871 1195 propterea
931 1124 1057 1192 quod
1113 1143 1220 1175 non
1275 1124 1536 1175 habuerat
1593 1126 1888 1193 adjutorem

82 1214 226 1264 illius
262 1210 512 1278 temporis
546 1210 842 1262 Romanum
874 1209 1110 1277 Papam,
1147 1209 1232 1259 vel
1267 1225 1386 1267 eos,
1423 1209 1516 1275 qai
1544 1211 1691 1260 circa
1717 1212 1888 1276 ipsum

83 1305 227 1357 sant,
277 1297 607 1354 sacerdotes,
661 1313 758 1347 nec
796 1297 950 1346 etiam
985 1312 1092 1361 per
1127 1295 1355 1345 vicarios
1395 1297 1534 1363 ejas,
1587 1312 1754 1363 neque
1781 1313 1887 1362 per

83 1383 399 1451 encyclicam
436 1381 729 1446 epistolam.
777 1381 1212 1447 quemadmodum
1249 1378 1410 1430 LEX
1440 1377 1737 1429 DICTAT
1769 1398 1887 1431 con-

82 1468 338 1518 ciliorum.
409 1461 501 1514 ‘Ex
545 1463 860 1519 conciliorum
895 1464 1063 1533 itaque
1100 1464 1404 1533 generalium
1443 1465 1556 1531 leye
1591 1462 1657 1515 ins
1679 1463 1887 1517 materia

82 1550 384 1619 potissimum
429 1548 569 1612 fidei,
625 1558 680 1599 ut
729 1567 897 1601 eorum
947 1558 1136 1602 statuta
1183 1548 1282 1604 vim
1330 1547 1674 1601 oecumenicae
1711 1548 1888 1618 synodi

84 1635 324 1697 habeant,
381 1632 586 1700 aliquam
631 1631 924 1686 Pontificum
976 1633 1318 1689 Romanorum
1363 1631 1763 1702 approbationem
1789 1651 1888 1684 -ne-

84 1735 252 1770 cessa1
253 1737 351 1770 iam
404 1734 515 1770 esse
576 1717 784 1787 septima
831 1718 1054 1787 generali
1102 1718 1294 1787 synodo
1344 1717 1621 1769 affirmante
1651 1717 1888 1769 dubitare

85 1821 183 1855 non
220 1803 353 1856 lieet.

227 1888 309 1938 11.
366 1887 568 1957 Ingeret
604 1906 733 1941 nune
771 1888 1046 1940 Bossuetus
1085 1887 1144 1958 (l.
1187 1855 1474 1940 7.Defe1‡s.
1508 1888 1572 1939 al.
1609 1888 1766 1939 l2.c.
1803 1887 1885 1940 13.

17 1987 20 1990 ·
83 1972 194 2022 hi.)
200 1989 307 2041 ..p
350 1971 435 2034 18,
477 1972 560 2036 19,
600 1971 723 2037 20.)
754 1972 868 2036 illa,
924 1973 1096 2042 quibus
1142 1973 1346 2026 verbum
1390 1977 1705 2042 confirmare
1752 1974 1888 2041 stylo

84 2057 455 2108 Ecclesiastico
506 2055 628 2125 (seu
671 2074 740 2109 ex
787 2056 1070 2128 Ephesinae
1121 2057 1301 2128 synodi
1350 2056 1505 2128 actis)
1555 2059 1695 2109 nihil
1741 2059 1893 2109 aliud
1925 2120 1929 2121 γ

84 2160 204 2193 esse,
243 2142 340 2206 ait,
397 2144 811 2210 quam‘plenam
862 2150 913 2194 et
959 2147 1293 2210 manifestam
1341 2162 1489 2195 suam
1537 2145 1890 2194 assensionem

77 2229 291 2291 facere.-
331 2244 550 2294 eumque.
572 2226 620 2278 id
657 2243 767 2279 non.
795 2227 887 2283 soli
906 2226 1227 2297 Apostolicae
1263 2227 1396 2291 sedi,
1433 2227 1543 2279 dum
1571 2226 1888 2279 conciliorum

208 2437 242 2492 ¹)
276 2443 414 2482 Omnis
446 2443 606 2493 quidem
639 2438 835 2494 ejusmodi
869 2445 1114 2495 ambiguitas
1147 2445 1197 2483 de
1216 2444 1432 2484 Pontificio
1462 2456 1631 2483 assensu
1657 2443 1887 2485 definitioni

83 2500 405 2539 chalcedonensi
446 2502 602 2541 eunctis
633 2502 799 2541 Patrum
841 2502 1050 2552 suffragiis
1083 2503 1222 2542 editae
1253 2503 1428 2541 debebat
1461 2503 1622 2542 excludi
1655 2514 1705 2541 ex
1737 2503 1888 2541 Leonis

85 2558 203 2608 epist.
244 2559 317 2600 28.
358 2559 409 2607 ad
449 2560 708 2608 Flavianum,
751 2561 804 2601 ad
845 2563 958 2612 quus
998 2570 1202 2600 normam
1209 2562 1298 2611 ipsa
1332 2561 1518 2600 definitio
1551 2564 1697 2600 exacta
1728 2561 1886 2605 fuerat3

85 2619 126 2654 et
157 2603 280 2654 multo
311 2617 440 2667 magis
472 2629 520 2655 ex
553 2617 674 2667 epist.
710 2619 808 2658 106.
841 2619 894 2656 ad
922 2619 1177 2665 Anatolium,
1221 2620 1261 2657 in
1294 2631 1372 2669 qua
1402 2623 1522 2669 gesta
1554 2619 1719 2658 concilii
1753 2619 1885 2669 quoad

85 2673 203 2712 fidem
233 2679 435 2724 expresse
458 2676 682 2726 approbata
713 2677 914 2726 leguntur.
977 2677 1062 2716 Sed
1101 2688 1191 2716 cum
1220 2678 1262 2715 in
1293 2677 1436 2717 iisdem
1470 2678 1600 2728 gestis
1631 2677 1684 2715 ad
1715 2676 1889 2716 Pontifi-

85 2743 172 2771 cem
212 2733 346 2771 missis
383 2737 570 2785 praeter
588 2733 866 2776 definitionem
898 2734 995 2773 fidei
1027 2736 1336 2787 continerentur
1367 2747 1547 2780 canones
1578 2736 1734 2786 aliquot
1767 2735 1889 2774 disci-

84 2790 243 2839 plinae,
287 2787 331 2828 in
374 2791 518 2840 quibus
558 2802 661 2829 unus
694 2793 806 2831 circa
835 2794 1166 2846 praerogativam
1197 2794 1309 2832 sedis
1339 2795 1420 2836 ΟΡ.
1451 2807 1476 2833 a
1506 2794 1702 2833 Patribus
1733 2794 1886 2840 editus,

85 2859 110 2885 a
138 2847 279 2885 Leone
310 2846 757 2898 fueratreprobatus‘y'
776 2847 985 2890 occultata
1014 2850 1203 2890 Patribus
1234 2851 1312 2890 bac
1343 2851 1539 2902 epistola,
1563 2852 1740 2901 maligni
1761 2852 1889 2890 inter-

85 2908 224 2955 pretes
255 2905 503 2955 Eutychiani
533 2907 685 2946 erroris
714 2908 895 2947 fautores
924 2911 1163 2965 sparserunt
1191 2910 1233 2948 in
1265 2911 1450 2960 vulgum,
1499 2920 1561 2949 ea
1587 2913 1731 2960 gesta
1744 2910 1889 2950 Ponti-

85 2962 214 3001 ficiam
247 2963 594 3002 confirmationem
624 2975 705 3003 non
735 2966 921 3015 potuisse
953 2961 1160 3019 obtinere3
1193 2970 1238 3005 et
1266 2968 1326 3006 ita
1357 2968 1639 3007 definitionem
1669 2967 1778 3012 fidei,
1810 2968 1887 3006 etsi

86 3033 111 3058 a
148 3022 290 3060 Leone
331 3025 446 3060 certo
489 3022 779 3072 approbatam,
824 3024 866 3062 in
904 3023 1066 3062 dubium
1106 2996 1314 3064 adducere
1345 3026 1423 3064 nisi
1455 3030 1560 3067 sunt
1623 3027 1733 3064 Huic
1762 3025 1894 3064 ambi-

86 3079 236 3128 guitati
278 3079 548 3130 extirpandae
590 3080 709 3119 aliam
748 3081 959 3130 epistolam
988 3083 1103 3125 117.
1148 3082 1226 3121 ad
1240 3084 1367 3122 totius
1405 3084 1551 3133 synodi
1593 3085 1743 3123 Patres
1782 3082 1890 3120 idem
1926 3088 1936 3105 ⁸

86 3137 277 3176 Pontifex
316 3138 572 3188 dirigendam
613 3138 811 3187 credidit,
857 3150 908 3178 ne
949 3140 995 3178 in
1026 3137 1156 3188 firma
1196 3144 1272 3186 atet
1302 3142 1433 3191 dubia
1463 3133 1736 3191 haberenturg
1783 3152 1890 3190 quae

88 3195 227 3241 nulla,
270 3195 426 3246 inquit,
470 3198 572 3235 sunt
602 3207 830 3236 consensus
858 3197 939 3237 mei
968 3198 1176 3236 sententia
1207 3199 1418 3240 roborata.
1478 3197 1596 3247 Haec
1626 3197 1830 3236 dubitatio
1862 3210 1888 3236 a

88 3253 313 3302 perversis
326 3254 421 3296 licet
452 3255 747 3305 interpretibus
778 3255 912 3304 ingeri
944 3267 1022 3294 non
1052 3257 1275 3305 potuisset,
1322 3256 1400 3294 nisi
1432 3267 1480 3293 eo
1500 3267 1674 3305 quoque
1705 3258 1888 3306 tempore

87 3310 194 3360 apud
222 3309 446 3353 catholicos
478 3312 722 3352 obtinuisset
754 3314 981 3366 sententia,
1011 3313 1064 3352 ad
1095 3314 1176 3352 vim
1207 3313 1464 3364 dogmaticae
1495 3301 1746 3353 definitionis
1773 3326 1798 3352 a
1818 3326 1888 3364 ge-

89 3365 238 3406 ner'alis
269 3371 428 3418 quoque
466 3370 631 3411 concilii
662 3372 855 3411 Patribus
896 3345 1031 3432 edit'ae
1062 3373 1337 3411 necessarium
1368 3384 1459 3411 esse
1490 3372 1747 3423 Apostolieae
1776 3373 1887 3445 sedis

90 3437 324 3470 consensum
355 3427 444 3466 sive
474 3428 831 3469 confirmationem.
