2326 3854
696 229 1342 284 ——233—

114 399 404 464 scripsisse,
440 402 499 448 ut
532 398 607 447 ita
643 396 707 447 ab
747 396 980 446 omnibus
1017 395 1162 461 quod
1177 397 1384 463 justam
1418 397 1494 443 est
1529 391 1918 443 decerneretur.

116 483 374 550 Episcopi
410 484 543 533 enim
581 487 759 540 erant,
795 483 887 548 qai
915 475 1275 547 patiebantur,
1319 495 1416 528 nec
1451 477 1696 544 vulyares
1735 477 1920 528 Eccle-

116 572 253 627 siae,
289 586 423 636 qaae
459 567 815 625 veccabantar,
861 567 957 617 sed
1002 584 1134 633 qaas
1171 567 1278 631 ipsi
1313 558 1559 631 Apostoli
1596 579 1702 628 per
1741 581 1795 612 se
1831 580 1921 629 yu-

115 654 416 705 bernaraemt.
491 650 590 702 Ubi
624 650 762 704 vides
801 649 926 702 idem
956 650 1039 719 jus
1089 648 1182 700 sibi
1220 665 1476 712 asserere,
1525 646 1733 717 primum
1770 663 1913 715 gene-

114 737 260 788 ratim
295 737 347 788 in
384 736 544 788 causis
578 734 961 806 Episcoporum,
1000 733 1150 784 multo
1189 743 1352 786 autem
1390 732 1548 803 magis
1585 733 1636 784 in
1673 731 1759 795 iis,
1798 749 1923 800 quae

113 830 395 892 spectarent
450 821 511 873 ad
545 818 820 891 Episcopus
855 818 1191 871 Ecclesiarum
1229 837 1327 871 non
1366 818 1670 887 vulgarium,
1718 835 1775 870 ac
1810 826 1924 868 tan-

113 907 220 959 dem
258 905 416 977 magis
453 907 602 957 multo
639 906 691 958 in
729 905 889 958 causis
914 903 1273 975 Episcoporum
1290 903 1691 975 Apostolicarum
1719 903 1923 967 sedium,

113 991 272 1060 qualis
309 1001 419 1044 erat
454 991 540 1043 illa
576 989 632 1044 S.
671 989 941 1043 Athanasii
977 989 1339 1053 Alexandrini,
1378 989 1430 1040 in
1468 1007 1613 1058 quam
1650 987 1924 1040 Pontificia

113 1078 384 1130 auctoritas
422 1094 522 1128 non
559 1094 627 1128 ex
656 1079 771 1147 jure
807 1074 1136 1147 patriarchico
1163 1073 1381 1126 Romani
1405 1073 1662 1128 Praesulis
1701 1074 1752 1125 in
1790 1074 1924 1125 solas

114 1161 456 1215 Occidentales
492 1159 744 1214 Ecclesias
791 1160 1086 1231 competenti
1124 1160 1288 1230 colligi
1337 1169 1524 1230 potest,
1578 1160 1665 1212 sed
1703 1176 1774 1211 ex
1804 1160 1921 1228 jure

113 1246 276 1301 divino
325 1246 566 1318 primatus
628 1245 736 1316 ipsa
805 1246 955 1298 etiam
1015 1245 1364 1298 consuetudine
1411 1245 1632 1310 firmato3
1685 1244 1764 1295 cui
1813 1262 1922 1296 cum

111 1332 491 1403 patriarchicum
521 1333 604 1401 jus
640 1330 980 1400 praejudicare
1015 1348 1115 1382 non
1152 1329 1328 1400 potuit,
1365 1339 1467 1381 tum
1505 1347 1626 1383 vero
1666 1329 1793 1381 male
1818 1326 1861 1380 F
1866 1347 1919 1381 e-

109 1417 320 1469 broniusv
352 1417 531 1468 multos
578 1424 719 1468 actus
756 1415 1109 1485 jurisdictionis
1146 1416 1198 1466 in
1236 1413 1581 1468 Occidentales
1619 1424 1721 1466 aut
1742 1413 1925 1466 Orien-

110 1503 176 1555 tis
211 1501 466 1556 Ecclesias
504 1501 563 1553 ad
602 1499 979 1571 patriarchicum
1009 1503 1092 1572 jus
1129 1499 1330 1571 perinde
1382 1501 1578 1564 retulit,
1627 1501 1770 1570 quasi
1807 1500 1926 1551 nihil

113 1588 295 1640 exinde
331 1586 505 1639 inferri
539 1585 695 1657 possit
730 1603 820 1656 pro
850 1587 965 1656 jure
1001 1586 1272 1658 primatuS,
1318 1587 1397 1640 vel
1433 1585 1810 1657 patriarchicum
1843 1587 1924 1655 jus

104 1671 499 1744 jurisdictionem
533 1671 778 1742 primatus
827 1672 1078 1725 excludat.
1153 1670 1210 1722 In
1246 1669 1474 1724 Romano
1513 1672 1642 1724 enim
1679 1669 1924 1723 Pontifice

110 1767 370 1827 utrumque
398 1759 482 1828 jus
527 1757 680 1828 probe
717 1757 974 1824 cohaeret,
1023 1757 1095 1809 ita
1137 1766 1192 1808 ut
1246 1756 1329 1826 qui
1366 1766 1505 1810 actus
1541 1756 1614 1808 illi
1651 1774 1752 1807 non
1791 1774 1924 1809 com-

113 1852 287 1915 petunt
324 1861 390 1895 ex
422 1845 536 1914 jure
572 1841 901 1914 patriarchico
939 1851 1090 1895 extra
1126 1841 1390 1894 dioecesim
1429 1841 1736 1906 OccidentiS,
1788 1860 1915 1902 com-

112 1938 284 2000 petant
322 1946 390 1982 ex
436 1931 554 2002 jure·
589 1928 857 2000 primatuS,
905 1928 1032 1997 quod
1083 1928 1369 1980 extenditur
1418 1927 1470 1979 in
1505 1928 1787 1982 universam
1825 1926 1924 1981 Ec-

114 2014 332 2068 clesiam.

255 2097 382 2153 Cum
417 2097 725 2151 Sozomenus
773 2100 881 2153 loco
933 2099 1132 2151 laudato
1181 2118 1289 2153 eam
1338 2099 1456 2154 Julii
1506 2100 1778 2164 rationem,
1828 2117 1925 2168 qua

113 2183 440 2237 Orientalium
487 2181 803 2255 Synodorum
850 2194 1025 2237 contra
1072 2182 1405 2250 Athanasium
1468 2205 1618 2239 ausus
1665 2185 1922 2257 repressit,

113 2269 185 2322 sic
243 2269 500 2340 exposuitt
575 2271 770 2339 Leyem
827 2289 937 2322 esse
977 2271 1326 2339 ‹Pontificiam
1383 2270 1540 2342 (apud
1586 2271 1923 2342 Nicephorum

113 2353 282 2407 melius
309 2355 783 2423 Ecclesiasticam),
820 2363 880 2408 ut
903 2358 1012 2423 pro
1039 2359 1208 2407 irritis
1245 2358 1558 2419 habeantur,
1596 2377 1733 2427 quae
1765 2377 1923 2426 prae-

112 2447 193 2490 ter
248 2444 559 2493 sententiam
612 2442 872 2508 Episcopi
928 2442 1161 2493 Romani
1218 2446 1428 2510 fuerint
1475 2451 1651 2512 qesta3
1713 2443 1924 2513 praeivit

113 2523 386 2576 certissime
421 2524 515 2579 illis
567 2527 872 2594 quarundam
909 2524 1330 2579 Pseudo-Isidori
1366 2528 1682 2580 decretalium
1721 2539 1921 2582 senten—

111 2608 224 2673 tiis,
271 2610 444 2677 quibus
483 2611 801 2664 conciliorum
839 2620 984 2681 gesta
1019 2610 1309 2682 Apostolica
1345 2604 1700 2684 approbatione
1737 2615 1808 2667 ita
1843 2614 1922 2666 in-

112 2693 280 2762 digere
315 2693 557 2760 dicuntur,
598 2706 652 2748 ut
689 2696 812 2748 nihil
850 2696 916 2748 sit
953 2715 1022 2749 ex
1058 2697 1153 2749 illis
1191 2707 1372 2763 ratum,
1413 2699 1491 2751 cui
1528 2718 1628 2752 non
1655 2701 1923 2754 accesserit

111 2777 434 2848 Apostolicae
470 2779 614 2832 Sedis
662 2782 951 2834 auctoritas.
1027 2780 1152 2836 Cum
1201 2793 1365 2836 autem
1401 2783 1558 2838 Julius
1597 2786 1826 2854 loquatur
1863 2787 1922 2839 de

110 2860 465 2933 Episcoporum
510 2864 700 2929 causiS,
754 2884 880 2934 quae
927 2865 1060 2919 inter
1120 2869 1335 2936 majores
1386 2878 1676 2935 censentur3
1738 2871 1797 2922 de
1845 2871 1922 2923 his

110 2955 302 2999 tantum
328 2946 595 3001 Sozomeni
628 2950 764 3003 locus
802 2950 1129 3021 accipiendus,
1166 2969 1266 3003 non
1300 2970 1420 3004 vero
1459 2954 1517 3006 de
1555 2955 1921 3026 quibuscunque

114 3031 224 3083 aliis
271 3033 646 3103 provincialium
695 3033 1029 3088 Conciliorum
1068 3035 1268 3107 judiciis
1317 3047 1367 3090 et
1418 3040 1598 3092 causis.
1681 3041 1734 3093 Id
1782 3060 1919 3106 sane,

115 3118 242 3184 quod
289 3127 522 3187 tanquam
571 3138 750 3174 novum
808 3121 1009 3191 opponit
1051 3119 1330 3174 Febronius
1381 3127 1448 3194 (t.
1492 3126 1537 3177 l.
1594 3144 1637 3178 c.
1676 3126 1728 3178 4.
1785 3127 1828 3193 §.
1866 3128 1917 3180 8.

114 3218 165 3251 n.
193 3201 245 3252 5.
282 3221 394 3272 pag.
422 3203 540 3274 99),
577 3206 735 3258 nullas
773 3203 1005 3275 Synodos
1042 3224 1132 3259 nec
1169 3206 1387 3277 ipsarum
1425 3210 1624 3263 decreta
1663 3221 1774 3263 rata
1809 3230 1920 3265 esse

113 3303 287 3355 posse,
323 3287 367 3338 si
403 3299 605 3342 careant
641 3289 936 3343 auctoritate
987 3301 1037 3342 et
1086 3292 1457 3347 confirmatione
1493 3295 1810 3366 Apostolica3
1860 3299 1919 3349 ad

110 3369 294 3438 judicia
331 3371 634 3440 potissimum
684 3375 743 3427 de
779 3373 1038 3445 Episcopis
1074 3377 1289 3446 pertinet
1336 3388 1387 3431 et
1441 3380 1500 3432 ad
1536 3387 1762 3451 majores
1799 3402 1918 3435 caa-

115 3474 226 3515 sas,
261 3458 320 3507 de
358 3456 534 3525 quibus>
565 3459 661 3513 alia
686 3470 834 3531 atque
863 3460 961 3513 alia
995 3459 1414 3516 Pseudo-Isidori
1440 3465 1637 3519 decreta
1663 3467 1723 3519 ab
1750 3468 1918 3521 eodem
