<?xml version="1.0" encoding="UTF-8"?>
<!DOCTYPE html PUBLIC "-//W3C//DTD XHTML 1.0 Transitional//EN"
    "http://www.w3.org/TR/xhtml1/DTD/xhtml1-transitional.dtd">
<html xmlns="http://www.w3.org/1999/xhtml" xml:lang="en" lang="en">
 <head>
  <title>
</title>
<meta http-equiv="Content-Type" content="text/html;charset=utf-8" />
  <meta name='ocr-system' content='tesseract 3.04.00' />
  <meta name='ocr-capabilities' content='ocr_page ocr_carea ocr_par ocr_line ocrx_word'/>
</head>
<body>
  <div class='ocr_page' id='page_1' title='image "./ra546170800balluoft_0094.png"; bbox 0 0 2326 3854; ppageno 0'>
   <div class='ocr_carea' id='block_1_1' title="bbox 995 117 1617 174">
    <p class='ocr_par' dir='ltr' id='par_1_1' title="bbox 995 117 1617 174">
     <span class='ocr_line' id='line_1_1' title="bbox 995 117 1617 174; baseline -0.002 -14"><span class='ocrx_word' id='word_1_1' title='bbox 995 154 1173 160; x_wconf 70' lang='grc'><strong>.-</strong></span> <span class='ocrx_word' id='word_1_2' title='bbox 1265 117 1350 174; x_wconf 76' lang='lat'><strong>28</strong></span> <span class='ocrx_word' id='word_1_3' title='bbox 1455 151 1617 159; x_wconf 70' lang='grc'><strong>.,,-,</strong></span> 
     </span>
    </p>
   </div>
   <div class='ocr_carea' id='block_1_2' title="bbox 370 284 2239 3501">
    <p class='ocr_par' dir='ltr' id='par_1_2' title="bbox 377 284 2239 3239">
     <span class='ocr_line' id='line_1_2' title="bbox 383 284 2234 357; baseline 0 -17"><span class='ocrx_word' id='word_1_4' title='bbox 383 288 477 341; x_wconf 93' lang='lat' dir='ltr'><strong>soli</strong></span> <span class='ocrx_word' id='word_1_5' title='bbox 511 299 679 342; x_wconf 86' lang='lat' dir='ltr'><strong>tamen</strong></span> <span class='ocrx_word' id='word_1_6' title='bbox 707 286 866 340; x_wconf 86' lang='lat' dir='ltr'><strong>Petro</strong></span> <span class='ocrx_word' id='word_1_7' title='bbox 905 297 956 339; x_wconf 90' lang='lat' dir='ltr'><strong>et</strong></span> <span class='ocrx_word' id='word_1_8' title='bbox 994 284 1371 338; x_wconf 88' lang='lat' dir='ltr'><strong>successoribus</strong></span> <span class='ocrx_word' id='word_1_9' title='bbox 1409 286 1519 357; x_wconf 91' lang='lat' dir='ltr'><strong>ejus</strong></span> <span class='ocrx_word' id='word_1_10' title='bbox 1557 285 1794 357; x_wconf 84' lang='lat' dir='ltr'><strong>competit</strong></span> <span class='ocrx_word' id='word_1_11' title='bbox 1823 286 1954 356; x_wconf 89' lang='lat' dir='ltr'><strong>jure</strong></span> <span class='ocrx_word' id='word_1_12' title='bbox 1978 287 2234 340; x_wconf 88' lang='lat' dir='ltr'><strong>ordinario</strong></span> 
     </span>
     <span class='ocr_line' id='line_1_3' title="bbox 382 370 2237 438; baseline -0.001 -10"><span class='ocrx_word' id='word_1_13' title='bbox 382 394 452 428; x_wconf 79' lang='lat' dir='ltr'><strong>ex</strong></span> <span class='ocrx_word' id='word_1_14' title='bbox 487 374 806 428; x_wconf 87' lang='lat' dir='ltr'><strong>institutione</strong></span> <span class='ocrx_word' id='word_1_15' title='bbox 843 373 1041 438; x_wconf 87' lang='lat' dir='ltr'><strong>divina,</strong></span> <span class='ocrx_word' id='word_1_16' title='bbox 1092 372 1171 425; x_wconf 91' lang='lat' dir='ltr'><strong>cui</strong></span> <span class='ocrx_word' id='word_1_17' title='bbox 1221 372 1356 425; x_wconf 88' lang='lat' dir='ltr'><strong>nulla</strong></span> <span class='ocrx_word' id='word_1_18' title='bbox 1391 370 1757 426; x_wconf 86' lang='lat' dir='ltr'><strong>Ecclesiastica</strong></span> <span class='ocrx_word' id='word_1_19' title='bbox 1803 371 2051 426; x_wconf 84' lang='lat' dir='ltr'><strong>institutio</strong></span> <span class='ocrx_word' id='word_1_20' title='bbox 2089 375 2237 428; x_wconf 89' lang='lat' dir='ltr'><strong>dero-</strong></span> 
     </span>
     <span class='ocr_line' id='line_1_4' title="bbox 380 458 2235 534; baseline -0.001 -18"><span class='ocrx_word' id='word_1_21' title='bbox 380 481 505 534; x_wconf 90' lang='lat' dir='ltr'><strong>gare</strong></span> <span class='ocrx_word' id='word_1_22' title='bbox 553 461 802 533; x_wconf 86' lang='lat' dir='ltr'>quidpiam</span> <span class='ocrx_word' id='word_1_23' title='bbox 851 468 1046 531; x_wconf 90' lang='lat' dir='ltr'><strong>potest,</strong></span> <span class='ocrx_word' id='word_1_24' title='bbox 1095 468 1150 511; x_wconf 92' lang='lat' dir='ltr'><strong>ut</strong></span> <span class='ocrx_word' id='word_1_25' title='bbox 1195 459 1357 531; x_wconf 89' lang='lat' dir='ltr'><strong>paullo</strong></span> <span class='ocrx_word' id='word_1_26' title='bbox 1415 469 1533 513; x_wconf 88' lang='lat' dir='ltr'><strong>ante</strong></span> <span class='ocrx_word' id='word_1_27' title='bbox 1582 459 1986 514; x_wconf 81' lang='lat' dir='ltr'><strong>observavimus.</strong></span> <span class='ocrx_word' id='word_1_28' title='bbox 2068 458 2235 514; x_wconf 91' lang='lat' dir='ltr'><strong>Porro</strong></span> 
     </span>
     <span class='ocr_line' id='line_1_5' title="bbox 382 544 2236 619; baseline 0 -18"><span class='ocrx_word' id='word_1_29' title='bbox 382 548 513 602; x_wconf 90' lang='lat' dir='ltr'><strong>sicut</strong></span> <span class='ocrx_word' id='word_1_30' title='bbox 551 548 835 618; x_wconf 82' lang='lat' dir='ltr'><strong>designatio</strong></span> <span class='ocrx_word' id='word_1_31' title='bbox 875 545 1186 599; x_wconf 86' lang='lat' dir='ltr'><strong>subditorum</strong></span> <span class='ocrx_word' id='word_1_32' title='bbox 1236 544 1381 616; x_wconf 88' lang='lat' dir='ltr'><strong>hujus</strong></span> <span class='ocrx_word' id='word_1_33' title='bbox 1417 546 1501 600; x_wconf 86' lang='lat' dir='ltr'><strong>vel</strong></span> <span class='ocrx_word' id='word_1_34' title='bbox 1546 545 1679 599; x_wconf 89' lang='lat' dir='ltr'><strong>illius</strong></span> <span class='ocrx_word' id='word_1_35' title='bbox 1719 546 1947 617; x_wconf 85' lang='lat' dir='ltr'><strong>regionis</strong></span> <span class='ocrx_word' id='word_1_36' title='bbox 1997 555 2085 599; x_wconf 90' lang='lat' dir='ltr'><strong>aut</strong></span> <span class='ocrx_word' id='word_1_37' title='bbox 2120 567 2236 619; x_wconf 88' lang='lat' dir='ltr'><strong>pro-</strong></span> 
     </span>
     <span class='ocr_line' id='line_1_6' title="bbox 381 629 2238 705; baseline -0.001 -16"><span class='ocrx_word' id='word_1_38' title='bbox 381 635 594 700; x_wconf 82' lang='lat' dir='ltr'><strong>vinciae,</strong></span> <span class='ocrx_word' id='word_1_39' title='bbox 633 652 760 704; x_wconf 89' lang='lat' dir='ltr'><strong>quae</strong></span> <span class='ocrx_word' id='word_1_40' title='bbox 786 631 1122 699; x_wconf 81' lang='lat' dir='ltr'><strong>PatriarchiS,</strong></span> <span class='ocrx_word' id='word_1_41' title='bbox 1158 629 1434 698; x_wconf 75' lang='lat' dir='ltr'><strong>ExarchiS,</strong></span> <span class='ocrx_word' id='word_1_42' title='bbox 1475 642 1562 686; x_wconf 87' lang='lat' dir='ltr'><strong>aut</strong></span> <span class='ocrx_word' id='word_1_43' title='bbox 1587 632 1929 705; x_wconf 90' lang='lat' dir='ltr'><strong>Metropolitis</strong></span> <span class='ocrx_word' id='word_1_44' title='bbox 1966 634 2238 688; x_wconf 82' lang='lat' dir='ltr'><strong>attributae</strong></span> 
     </span>
     <span class='ocr_line' id='line_1_7' title="bbox 382 718 2237 794; baseline 0.001 -20"><span class='ocrx_word' id='word_1_45' title='bbox 382 723 610 784; x_wconf 86' lang='lat' dir='ltr'><strong>fuerunt,</strong></span> <span class='ocrx_word' id='word_1_46' title='bbox 660 736 762 771; x_wconf 92' lang='lat' dir='ltr'><strong>non</strong></span> <span class='ocrx_word' id='word_1_47' title='bbox 809 719 991 791; x_wconf 83' lang='lat' dir='ltr'><strong>pendet</strong></span> <span class='ocrx_word' id='word_1_48' title='bbox 1053 739 1082 773; x_wconf 88' lang='lat' dir='ltr'><strong>a</strong></span> <span class='ocrx_word' id='word_1_49' title='bbox 1134 718 1303 776; x_wconf 87' lang='lat' dir='ltr'><strong>divino</strong></span> <span class='ocrx_word' id='word_1_50' title='bbox 1342 720 1491 790; x_wconf 88' lang='lat' dir='ltr'><strong>jure,</strong></span> <span class='ocrx_word' id='word_1_51' title='bbox 1540 720 1656 790; x_wconf 86' lang='lat' dir='ltr'><strong>quia</strong></span> <span class='ocrx_word' id='word_1_52' title='bbox 1704 718 1943 775; x_wconf 86' lang='lat' dir='ltr'><strong>Christus</strong></span> <span class='ocrx_word' id='word_1_53' title='bbox 1993 723 2237 794; x_wconf 90' lang='lat' dir='ltr'><strong>ejusmodi</strong></span> 
     </span>
     <span class='ocr_line' id='line_1_8' title="bbox 379 805 2237 881; baseline 0.002 -21"><span class='ocrx_word' id='word_1_54' title='bbox 379 807 701 880; x_wconf 79' lang='lat' dir='ltr'><strong>partitionem</strong></span> <span class='ocrx_word' id='word_1_55' title='bbox 739 816 828 858; x_wconf 89' lang='lat' dir='ltr'><strong>aut</strong></span> <span class='ocrx_word' id='word_1_56' title='bbox 875 806 1273 878; x_wconf 80' lang='lat' dir='ltr'><strong>designationem</strong></span> <span class='ocrx_word' id='word_1_57' title='bbox 1324 824 1427 858; x_wconf 89' lang='lat' dir='ltr'><strong>non</strong></span> <span class='ocrx_word' id='word_1_58' title='bbox 1473 805 1719 873; x_wconf 69' lang='lat' dir='ltr'><strong>instituit,</strong></span> <span class='ocrx_word' id='word_1_59' title='bbox 1779 809 1867 862; x_wconf 90' lang='lat' dir='ltr'><strong>sed</strong></span> <span class='ocrx_word' id='word_1_60' title='bbox 1916 810 2140 881; x_wconf 89' lang='lat' dir='ltr'><strong>pertinet</strong></span> <span class='ocrx_word' id='word_1_61' title='bbox 2177 813 2237 865; x_wconf 81' lang='lat' dir='ltr'><strong>ad</strong></span> 
     </span>
     <span class='ocr_line' id='line_1_9' title="bbox 379 891 2239 966; baseline 0.002 -19"><span class='ocrx_word' id='word_1_62' title='bbox 379 894 750 948; x_wconf 87' lang='lat' dir='ltr'><strong>institutionem</strong></span> <span class='ocrx_word' id='word_1_63' title='bbox 786 891 1227 958; x_wconf 88' lang='lat' dir='ltr'><strong>Ecclesiasticam,</strong></span> <span class='ocrx_word' id='word_1_64' title='bbox 1277 892 1457 964; x_wconf 86' lang='lat' dir='ltr'><strong>quippe</strong></span> <span class='ocrx_word' id='word_1_65' title='bbox 1495 893 1627 962; x_wconf 87' lang='lat' dir='ltr'><strong>quod</strong></span> <span class='ocrx_word' id='word_1_66' title='bbox 1665 912 1778 946; x_wconf 90' lang='lat' dir='ltr'><strong>eam</strong></span> <span class='ocrx_word' id='word_1_67' title='bbox 1816 897 2140 966; x_wconf 84' lang='lat' dir='ltr'><strong>partitionem</strong></span> <span class='ocrx_word' id='word_1_68' title='bbox 2180 917 2239 951; x_wconf 90' lang='lat' dir='ltr'><strong>ac</strong></span> 
     </span>
     <span class='ocr_line' id='line_1_10' title="bbox 379 980 2237 1054; baseline 0.002 -18"><span class='ocrx_word' id='word_1_69' title='bbox 379 982 781 1054; x_wconf 85' lang='lat' dir='ltr'><strong>designationem</strong></span> <span class='ocrx_word' id='word_1_70' title='bbox 819 980 1114 1054; x_wconf 84' lang='lat' dir='ltr'><strong>ApostoliS,</strong></span> <span class='ocrx_word' id='word_1_71' title='bbox 1154 999 1425 1050; x_wconf 87' lang='lat' dir='ltr'><strong>eorumque</strong></span> <span class='ocrx_word' id='word_1_72' title='bbox 1463 980 2119 1038; x_wconf 27' lang='lat' dir='ltr'><strong>successoribusthristus</strong></span> <span class='ocrx_word' id='word_1_73' title='bbox 2156 1005 2237 1039; x_wconf 89' lang='lat' dir='ltr'><strong>re-</strong></span> 
     </span>
     <span class='ocr_line' id='line_1_11' title="bbox 380 1065 2236 1141; baseline 0.001 -18"><span class='ocrx_word' id='word_1_74' title='bbox 380 1070 553 1141; x_wconf 81' lang='lat' dir='ltr'><strong>liquit3</strong></span> <span class='ocrx_word' id='word_1_75' title='bbox 613 1070 686 1123; x_wconf 92' lang='lat' dir='ltr'><strong>ita</strong></span> <span class='ocrx_word' id='word_1_76' title='bbox 737 1069 886 1123; x_wconf 89' lang='lat' dir='ltr'><strong>etiam</strong></span> <span class='ocrx_word' id='word_1_77' title='bbox 950 1068 1249 1122; x_wconf 83' lang='lat' dir='ltr'><strong>dioeceseon</strong></span> <span class='ocrx_word' id='word_1_78' title='bbox 1296 1065 1671 1141; x_wconf 83' lang='lat' dir='ltr'><strong>Episcopalium</strong></span> <span class='ocrx_word' id='word_1_79' title='bbox 1724 1069 2005 1138; x_wconf 88' lang='lat' dir='ltr'><strong>institutio,</strong></span> <span class='ocrx_word' id='word_1_80' title='bbox 2067 1072 2236 1125; x_wconf 89' lang='lat' dir='ltr'><strong>subdi-</strong></span> 
     </span>
     <span class='ocr_line' id='line_1_12' title="bbox 379 1153 2236 1229; baseline 0.001 -17"><span class='ocrx_word' id='word_1_81' title='bbox 379 1170 647 1228; x_wconf 87' lang='lat' dir='ltr'><strong>torumque</strong></span> <span class='ocrx_word' id='word_1_82' title='bbox 684 1156 992 1229; x_wconf 81' lang='lat' dir='ltr'><strong>desiguatiO,</strong></span> <span class='ocrx_word' id='word_1_83' title='bbox 1031 1174 1158 1227; x_wconf 91' lang='lat' dir='ltr'><strong>quae</strong></span> <span class='ocrx_word' id='word_1_84' title='bbox 1199 1153 1458 1209; x_wconf 85' lang='lat' dir='ltr'><strong>Christum</strong></span> <span class='ocrx_word' id='word_1_85' title='bbox 1496 1174 1600 1209; x_wconf 92' lang='lat' dir='ltr'><strong>non</strong></span> <span class='ocrx_word' id='word_1_86' title='bbox 1638 1157 1921 1211; x_wconf 90' lang='lat' dir='ltr'><strong>habuerunt</strong></span> <span class='ocrx_word' id='word_1_87' title='bbox 1960 1166 2236 1224; x_wconf 84' lang='lat' dir='ltr'><strong>auctorem,</strong></span> 
     </span>
     <span class='ocr_line' id='line_1_13' title="bbox 380 1241 2238 1319; baseline 0 -20"><span class='ocrx_word' id='word_1_88' title='bbox 380 1265 438 1300; x_wconf 88' lang='lat' dir='ltr'><strong>ac</strong></span> <span class='ocrx_word' id='word_1_89' title='bbox 475 1256 748 1318; x_wconf 88' lang='lat' dir='ltr'><strong>propterea</strong></span> <span class='ocrx_word' id='word_1_90' title='bbox 777 1244 1062 1317; x_wconf 90' lang='lat' dir='ltr'><strong>jurisdictio</strong></span> <span class='ocrx_word' id='word_1_91' title='bbox 1101 1241 1450 1315; x_wconf 87' lang='lat' dir='ltr'><strong>EpiscopaliS,</strong></span> <span class='ocrx_word' id='word_1_92' title='bbox 1503 1262 1630 1313; x_wconf 88' lang='lat' dir='ltr'><strong>quae</strong></span> <span class='ocrx_word' id='word_1_93' title='bbox 1667 1244 1720 1297; x_wconf 93' lang='lat' dir='ltr'><strong>in</strong></span> <span class='ocrx_word' id='word_1_94' title='bbox 1759 1245 1958 1317; x_wconf 89' lang='lat' dir='ltr'><strong>origine</strong></span> <span class='ocrx_word' id='word_1_95' title='bbox 1997 1256 2075 1300; x_wconf 82' lang='lat' dir='ltr'><strong>est</strong></span> <span class='ocrx_word' id='word_1_96' title='bbox 2106 1246 2238 1319; x_wconf 91' lang='lat' dir='ltr'><strong>juris</strong></span> 
     </span>
     <span class='ocr_line' id='line_1_14' title="bbox 380 1331 2236 1403; baseline 0.001 -18"><span class='ocrx_word' id='word_1_97' title='bbox 380 1332 554 1398; x_wconf 86' lang='lat' dir='ltr'><strong>divini,</strong></span> <span class='ocrx_word' id='word_1_98' title='bbox 595 1333 758 1403; x_wconf 89' lang='lat' dir='ltr'><strong>quoad</strong></span> <span class='ocrx_word' id='word_1_99' title='bbox 795 1331 1196 1403; x_wconf 86' lang='lat' dir='ltr'><strong>designationem</strong></span> <span class='ocrx_word' id='word_1_100' title='bbox 1235 1331 1712 1402; x_wconf 86' lang='lat' dir='ltr'><strong>attributionemque</strong></span> <span class='ocrx_word' id='word_1_101' title='bbox 1751 1331 1996 1386; x_wconf 90' lang='lat' dir='ltr'><strong>dioecesis</strong></span> <span class='ocrx_word' id='word_1_102' title='bbox 2034 1351 2093 1386; x_wconf 91' lang='lat' dir='ltr'><strong>ac</strong></span> <span class='ocrx_word' id='word_1_103' title='bbox 2119 1333 2236 1387; x_wconf 91' lang='lat' dir='ltr'><strong>sub-</strong></span> 
     </span>
     <span class='ocr_line' id='line_1_15' title="bbox 381 1417 2238 1492; baseline 0.001 -20"><span class='ocrx_word' id='word_1_104' title='bbox 381 1420 625 1486; x_wconf 87' lang='lat' dir='ltr'><strong>ditorum,</strong></span> <span class='ocrx_word' id='word_1_105' title='bbox 677 1429 728 1474; x_wconf 87' lang='lat' dir='ltr'><strong>et</strong></span> <span class='ocrx_word' id='word_1_106' title='bbox 767 1419 929 1489; x_wconf 88' lang='lat' dir='ltr'><strong>quoad</strong></span> <span class='ocrx_word' id='word_1_107' title='bbox 967 1419 1212 1473; x_wconf 82' lang='lat' dir='ltr'><strong>actualem</strong></span> <span class='ocrx_word' id='word_1_108' title='bbox 1250 1417 1408 1491; x_wconf 84' lang='lat' dir='ltr'><strong>ipsius</strong></span> <span class='ocrx_word' id='word_1_109' title='bbox 1438 1418 1808 1491; x_wconf 89' lang='lat' dir='ltr'><strong>jurisdictionis</strong></span> <span class='ocrx_word' id='word_1_110' title='bbox 1846 1422 2238 1492; x_wconf 85' lang='lat' dir='ltr'><strong>facultatumque</strong></span> 
     </span>
     <span class='ocr_line' id='line_1_16' title="bbox 381 1506 2237 1581; baseline 0.001 -22"><span class='ocrx_word' id='word_1_111' title='bbox 381 1506 755 1581; x_wconf 84' lang='lat' dir='ltr'><strong>Episcopalium</strong></span> <span class='ocrx_word' id='word_1_112' title='bbox 794 1524 937 1560; x_wconf 91' lang='lat' dir='ltr'><strong>usum</strong></span> <span class='ocrx_word' id='word_1_113' title='bbox 975 1506 1029 1559; x_wconf 94' lang='lat' dir='ltr'><strong>in</strong></span> <span class='ocrx_word' id='word_1_114' title='bbox 1079 1506 1336 1572; x_wconf 85' lang='lat' dir='ltr'><strong>subditos,</strong></span> <span class='ocrx_word' id='word_1_115' title='bbox 1384 1506 1470 1576; x_wconf 90' lang='lat' dir='ltr'><strong>qui</strong></span> <span class='ocrx_word' id='word_1_116' title='bbox 1512 1507 1575 1559; x_wconf 90' lang='lat' dir='ltr'><strong>ab</strong></span> <span class='ocrx_word' id='word_1_117' title='bbox 1624 1507 1895 1561; x_wconf 87' lang='lat' dir='ltr'><strong>earundem</strong></span> <span class='ocrx_word' id='word_1_118' title='bbox 1939 1508 2237 1562; x_wconf 83' lang='lat' dir='ltr'><strong>dioeceseon</strong></span> 
     </span>
     <span class='ocr_line' id='line_1_17' title="bbox 380 1591 2236 1662; baseline 0.001 -15"><span class='ocrx_word' id='word_1_119' title='bbox 380 1594 708 1649; x_wconf 86' lang='lat' dir='ltr'><strong>attributione</strong></span> <span class='ocrx_word' id='word_1_120' title='bbox 746 1593 998 1660; x_wconf 88' lang='lat' dir='ltr'><strong>dimanat,</strong></span> <span class='ocrx_word' id='word_1_121' title='bbox 1036 1592 1430 1648; x_wconf 86' lang='lat' dir='ltr'><strong>Ecclesiasticae</strong></span> <span class='ocrx_word' id='word_1_122' title='bbox 1478 1592 1790 1647; x_wconf 91' lang='lat' dir='ltr'><strong>institutioni</strong></span> <span class='ocrx_word' id='word_1_123' title='bbox 1825 1591 2093 1650; x_wconf 83' lang='lat' dir='ltr'><strong>referenda</strong></span> <span class='ocrx_word' id='word_1_124' title='bbox 2130 1605 2236 1662; x_wconf 80' lang='lat' dir='ltr'><strong>est3</strong></span> 
     </span>
     <span class='ocr_line' id='line_1_18' title="bbox 380 1680 2238 1757; baseline 0.001 -23"><span class='ocrx_word' id='word_1_125' title='bbox 380 1691 432 1734; x_wconf 89' lang='lat' dir='ltr'><strong>et</strong></span> <span class='ocrx_word' id='word_1_126' title='bbox 479 1691 688 1735; x_wconf 89' lang='lat' dir='ltr'><strong>eatenus</strong></span> <span class='ocrx_word' id='word_1_127' title='bbox 744 1680 965 1754; x_wconf 82' lang='lat' dir='ltr'><strong>pertinet</strong></span> <span class='ocrx_word' id='word_1_128' title='bbox 1024 1682 1087 1736; x_wconf 90' lang='lat' dir='ltr'><strong>ad</strong></span> <span class='ocrx_word' id='word_1_129' title='bbox 1132 1681 1442 1754; x_wconf 86' lang='lat' dir='ltr'><strong>disciplinam</strong></span> <span class='ocrx_word' id='word_1_130' title='bbox 1462 1721 1476 1746; x_wconf 94' lang='lat'><strong>,</strong></span> <span class='ocrx_word' id='word_1_131' title='bbox 1504 1721 1509 1723; x_wconf 74' lang='grc'><strong>-</strong></span> <span class='ocrx_word' id='word_1_132' title='bbox 1536 1681 1677 1752; x_wconf 90' lang='lat' dir='ltr'><strong>cujus</strong></span> <span class='ocrx_word' id='word_1_133' title='bbox 1734 1682 1973 1737; x_wconf 89' lang='lat' dir='ltr'><strong>materies</strong></span> <span class='ocrx_word' id='word_1_134' title='bbox 2027 1681 2238 1757; x_wconf 81' lang='lat' dir='ltr'><strong>variari,</strong></span> 
     </span>
     <span class='ocr_line' id='line_1_19' title="bbox 379 1768 2238 1843; baseline 0.001 -22"><span class='ocrx_word' id='word_1_135' title='bbox 379 1768 591 1834; x_wconf 90' lang='lat' dir='ltr'><strong>mutari,</strong></span> <span class='ocrx_word' id='word_1_136' title='bbox 632 1768 837 1840; x_wconf 92' lang='lat' dir='ltr'><strong>augeri,</strong></span> <span class='ocrx_word' id='word_1_137' title='bbox 876 1770 958 1823; x_wconf 87' lang='lat' dir='ltr'><strong>vel</strong></span> <span class='ocrx_word' id='word_1_138' title='bbox 995 1768 1240 1841; x_wconf 88' lang='lat' dir='ltr'><strong>restringi</strong></span> <span class='ocrx_word' id='word_1_139' title='bbox 1277 1778 1477 1841; x_wconf 90' lang='lat' dir='ltr'><strong>potest,</strong></span> <span class='ocrx_word' id='word_1_140' title='bbox 1528 1777 1677 1840; x_wconf 90' lang='lat' dir='ltr'><strong>prout</strong></span> <span class='ocrx_word' id='word_1_141' title='bbox 1714 1769 1957 1840; x_wconf 81' lang='lat' dir='ltr'><strong>expedire</strong></span> <span class='ocrx_word' id='word_1_142' title='bbox 1987 1770 2238 1843; x_wconf 87' lang='lat' dir='ltr'><strong>judicetur</strong></span> 
     </span>
     <span class='ocr_line' id='line_1_20' title="bbox 381 1855 2237 1928; baseline 0.001 -19"><span class='ocrx_word' id='word_1_143' title='bbox 381 1857 443 1910; x_wconf 88' lang='lat' dir='ltr'><strong>ab</strong></span> <span class='ocrx_word' id='word_1_144' title='bbox 499 1855 582 1922; x_wconf 90' lang='lat' dir='ltr'><strong>iis,</strong></span> <span class='ocrx_word' id='word_1_145' title='bbox 641 1856 726 1927; x_wconf 93' lang='lat' dir='ltr'><strong>qui</strong></span> <span class='ocrx_word' id='word_1_146' title='bbox 782 1856 1030 1928; x_wconf 90' lang='lat' dir='ltr'><strong>superiori</strong></span> <span class='ocrx_word' id='word_1_147' title='bbox 1075 1856 1130 1909; x_wconf 90' lang='lat' dir='ltr'><strong>in</strong></span> <span class='ocrx_word' id='word_1_148' title='bbox 1176 1875 1264 1910; x_wconf 87' lang='lat' dir='ltr'><strong>eas</strong></span> <span class='ocrx_word' id='word_1_149' title='bbox 1321 1855 1579 1910; x_wconf 90' lang='lat' dir='ltr'><strong>dioeceses</strong></span> <span class='ocrx_word' id='word_1_150' title='bbox 1638 1856 1944 1910; x_wconf 88' lang='lat' dir='ltr'><strong>auctoritate</strong></span> <span class='ocrx_word' id='word_1_151' title='bbox 1989 1859 2237 1911; x_wconf 89' lang='lat' dir='ltr'><strong>fruuntur.</strong></span> 
     </span>
     <span class='ocr_line' id='line_1_21' title="bbox 381 1940 2239 2016; baseline 0 -18"><span class='ocrx_word' id='word_1_152' title='bbox 381 1940 507 1998; x_wconf 88' lang='lat' dir='ltr'><strong>Cum</strong></span> <span class='ocrx_word' id='word_1_153' title='bbox 549 1943 743 1998; x_wconf 89' lang='lat' dir='ltr'><strong>scilicet</strong></span> <span class='ocrx_word' id='word_1_154' title='bbox 767 1942 1085 2016; x_wconf 86' lang='lat' dir='ltr'><strong>Episcopalis</strong></span> <span class='ocrx_word' id='word_1_155' title='bbox 1122 1953 1349 2016; x_wconf 87' lang='lat' dir='ltr'><strong>potestas</strong></span> <span class='ocrx_word' id='word_1_156' title='bbox 1386 1942 1441 1995; x_wconf 86' lang='lat' dir='ltr'><strong>in</strong></span> <span class='ocrx_word' id='word_1_157' title='bbox 1477 1943 1664 1996; x_wconf 88' lang='lat' dir='ltr'><strong>bonum</strong></span> <span class='ocrx_word' id='word_1_158' title='bbox 1701 1941 1966 1997; x_wconf 85' lang='lat' dir='ltr'><strong>Ecclesiae</strong></span> <span class='ocrx_word' id='word_1_159' title='bbox 2003 1943 2239 1998; x_wconf 87' lang='lat' dir='ltr'><strong>instituta</strong></span> 
     </span>
     <span class='ocr_line' id='line_1_22' title="bbox 378 2027 2237 2105; baseline 0.001 -22"><span class='ocrx_word' id='word_1_160' title='bbox 378 2030 531 2084; x_wconf 88' lang='lat' dir='ltr'><strong>fuerit</strong></span> <span class='ocrx_word' id='word_1_161' title='bbox 568 2048 599 2083; x_wconf 89' lang='lat' dir='ltr'><strong>a</strong></span> <span class='ocrx_word' id='word_1_162' title='bbox 638 2027 844 2084; x_wconf 87' lang='lat' dir='ltr'><strong>Christo</strong></span> <span class='ocrx_word' id='word_1_163' title='bbox 875 2032 994 2103; x_wconf 90' lang='lat' dir='ltr'><strong>jure</strong></span> <span class='ocrx_word' id='word_1_164' title='bbox 1031 2030 1229 2098; x_wconf 66' lang='lat' dir='ltr'><strong>divino,</strong></span> <span class='ocrx_word' id='word_1_165' title='bbox 1278 2029 1324 2083; x_wconf 90' lang='lat' dir='ltr'><strong>si</strong></span> <span class='ocrx_word' id='word_1_166' title='bbox 1359 2029 1419 2083; x_wconf 90' lang='lat' dir='ltr'><strong>in.</strong></span> <span class='ocrx_word' id='word_1_167' title='bbox 1449 2029 1579 2083; x_wconf 91' lang='lat' dir='ltr'><strong>idem</strong></span> <span class='ocrx_word' id='word_1_168' title='bbox 1617 2030 1800 2082; x_wconf 90' lang='lat' dir='ltr'><strong>bonum</strong></span> <span class='ocrx_word' id='word_1_169' title='bbox 1838 2030 2078 2103; x_wconf 85' lang='lat' dir='ltr'><strong>expediat</strong></span> <span class='ocrx_word' id='word_1_170' title='bbox 2111 2030 2237 2105; x_wconf 90' lang='lat' dir='ltr'><strong>Epi-</strong></span> 
     </span>
     <span class='ocr_line' id='line_1_23' title="bbox 379 2116 2237 2190; baseline 0.001 -19"><span class='ocrx_word' id='word_1_171' title='bbox 379 2117 650 2190; x_wconf 90' lang='lat' dir='ltr'><strong>scopalium</strong></span> <span class='ocrx_word' id='word_1_172' title='bbox 689 2119 982 2172; x_wconf 87' lang='lat' dir='ltr'><strong>facultatum</strong></span> <span class='ocrx_word' id='word_1_173' title='bbox 1021 2136 1165 2171; x_wconf 91' lang='lat' dir='ltr'><strong>usum</strong></span> <span class='ocrx_word' id='word_1_174' title='bbox 1202 2127 1253 2171; x_wconf 90' lang='lat' dir='ltr'><strong>et</strong></span> <span class='ocrx_word' id='word_1_175' title='bbox 1291 2116 1594 2171; x_wconf 84' lang='lat' dir='ltr'><strong>exercitium</strong></span> <span class='ocrx_word' id='word_1_176' title='bbox 1630 2116 1882 2170; x_wconf 88' lang='lat' dir='ltr'><strong>moderari</strong></span> <span class='ocrx_word' id='word_1_177' title='bbox 1905 2119 1986 2172; x_wconf 88' lang='lat' dir='ltr'><strong>vel</strong></span> <span class='ocrx_word' id='word_1_178' title='bbox 2023 2119 2237 2173; x_wconf 80' lang='lat' dir='ltr'><strong>restrin-</strong></span> 
     </span>
     <span class='ocr_line' id='line_1_24' title="bbox 378 2203 2238 2278; baseline 0 -18"><span class='ocrx_word' id='word_1_179' title='bbox 378 2224 533 2278; x_wconf 86' lang='lat' dir='ltr'><strong>gere,</strong></span> <span class='ocrx_word' id='word_1_180' title='bbox 572 2206 696 2260; x_wconf 90' lang='lat' dir='ltr'><strong>haec</strong></span> <span class='ocrx_word' id='word_1_181' title='bbox 734 2204 1018 2260; x_wconf 88' lang='lat' dir='ltr'><strong>moderatio</strong></span> <span class='ocrx_word' id='word_1_182' title='bbox 1055 2207 1140 2261; x_wconf 85' lang='lat' dir='ltr'><strong>vel</strong></span> <span class='ocrx_word' id='word_1_183' title='bbox 1175 2205 1466 2271; x_wconf 84' lang='lat' dir='ltr'><strong>restrictio,</strong></span> <span class='ocrx_word' id='word_1_184' title='bbox 1518 2222 1651 2275; x_wconf 84' lang='lat' dir='ltr'><strong>quae</strong></span> <span class='ocrx_word' id='word_1_185' title='bbox 1687 2204 1933 2276; x_wconf 88' lang='lat' dir='ltr'><strong>publicum</strong></span> <span class='ocrx_word' id='word_1_186' title='bbox 1970 2203 2238 2260; x_wconf 88' lang='lat' dir='ltr'><strong>Ecclesiae</strong></span> 
     </span>
     <span class='ocr_line' id='line_1_25' title="bbox 378 2290 2236 2366; baseline -0.001 -20"><span class='ocrx_word' id='word_1_187' title='bbox 378 2294 564 2346; x_wconf 91' lang='lat' dir='ltr'><strong>bonum</strong></span> <span class='ocrx_word' id='word_1_188' title='bbox 602 2312 634 2346; x_wconf 92' lang='lat' dir='ltr'><strong>a</strong></span> <span class='ocrx_word' id='word_1_189' title='bbox 671 2291 881 2348; x_wconf 89' lang='lat' dir='ltr'><strong>Christo</strong></span> <span class='ocrx_word' id='word_1_190' title='bbox 918 2293 1475 2366; x_wconf 76' lang='lat' dir='ltr'><strong>praecipue-intentum</strong></span> <span class='ocrx_word' id='word_1_191' title='bbox 1514 2290 1740 2362; x_wconf 85' lang='lat' dir='ltr'><strong>respicit,</strong></span> <span class='ocrx_word' id='word_1_192' title='bbox 1777 2290 1840 2344; x_wconf 90' lang='lat' dir='ltr'><strong>iis</strong></span> <span class='ocrx_word' id='word_1_193' title='bbox 1876 2291 2054 2363; x_wconf 88' lang='lat' dir='ltr'><strong>procul</strong></span> <span class='ocrx_word' id='word_1_194' title='bbox 2090 2291 2236 2346; x_wconf 90' lang='lat' dir='ltr'><strong>dubio</strong></span> 
     </span>
     <span class='ocr_line' id='line_1_26' title="bbox 380 2377 2237 2450; baseline -0.001 -16"><span class='ocrx_word' id='word_1_195' title='bbox 380 2380 627 2434; x_wconf 86' lang='lat' dir='ltr'><strong>attributa</strong></span> <span class='ocrx_word' id='word_1_196' title='bbox 672 2381 883 2434; x_wconf 88' lang='lat' dir='ltr'><strong>dicenda</strong></span> <span class='ocrx_word' id='word_1_197' title='bbox 929 2390 1036 2446; x_wconf 88' lang='lat' dir='ltr'><strong>est,</strong></span> <span class='ocrx_word' id='word_1_198' title='bbox 1085 2380 1262 2450; x_wconf 91' lang='lat' dir='ltr'><strong>quibus</strong></span> <span class='ocrx_word' id='word_1_199' title='bbox 1314 2398 1403 2439; x_wconf 88' lang='lat' dir='ltr'><strong>eas</strong></span> <span class='ocrx_word' id='word_1_200' title='bbox 1460 2379 1718 2433; x_wconf 88' lang='lat' dir='ltr'><strong>dioeceses</strong></span> <span class='ocrx_word' id='word_1_201' title='bbox 1769 2388 1820 2432; x_wconf 90' lang='lat' dir='ltr'><strong>et</strong></span> <span class='ocrx_word' id='word_1_202' title='bbox 1870 2377 2096 2432; x_wconf 89' lang='lat' dir='ltr'><strong>subditos</strong></span> <span class='ocrx_word' id='word_1_203' title='bbox 2150 2379 2237 2432; x_wconf 90' lang='lat' dir='ltr'><strong>de-</strong></span> 
     </span>
     <span class='ocr_line' id='line_1_27' title="bbox 378 2463 2236 2539; baseline -0.001 -18"><span class='ocrx_word' id='word_1_204' title='bbox 378 2468 603 2539; x_wconf 90' lang='lat' dir='ltr'><strong>signare,</strong></span> <span class='ocrx_word' id='word_1_205' title='bbox 643 2478 793 2539; x_wconf 88' lang='lat' dir='ltr'><strong>atque</strong></span> <span class='ocrx_word' id='word_1_206' title='bbox 831 2468 942 2522; x_wconf 90' lang='lat' dir='ltr'><strong>huic</strong></span> <span class='ocrx_word' id='word_1_207' title='bbox 981 2477 1032 2521; x_wconf 89' lang='lat' dir='ltr'><strong>et</strong></span> <span class='ocrx_word' id='word_1_208' title='bbox 1055 2467 1127 2521; x_wconf 92' lang='lat' dir='ltr'><strong>illi</strong></span> <span class='ocrx_word' id='word_1_209' title='bbox 1151 2463 1404 2539; x_wconf 88' lang='lat' dir='ltr'><strong>Episcopo</strong></span> <span class='ocrx_word' id='word_1_210' title='bbox 1444 2465 1740 2531; x_wconf 85' lang='lat' dir='ltr'><strong>attribuere,</strong></span> <span class='ocrx_word' id='word_1_211' title='bbox 1778 2484 1992 2535; x_wconf 86' lang='lat' dir='ltr'><strong>emnque</strong></span> <span class='ocrx_word' id='word_1_212' title='bbox 2024 2463 2236 2537; x_wconf 92' lang='lat' dir='ltr'><strong>Episco-</strong></span> 
     </span>
     <span class='ocr_line' id='line_1_28' title="bbox 379 2550 2238 2627; baseline -0.001 -20"><span class='ocrx_word' id='word_1_213' title='bbox 379 2551 564 2627; x_wconf 87' lang='lat' dir='ltr'><strong>palium</strong></span> <span class='ocrx_word' id='word_1_214' title='bbox 599 2556 894 2608; x_wconf 84' lang='lat' dir='ltr'><strong>facultatum</strong></span> <span class='ocrx_word' id='word_1_215' title='bbox 916 2594 920 2598; x_wconf 78' lang='lat'>.</span> <span class='ocrx_word' id='word_1_216' title='bbox 941 2573 1085 2607; x_wconf 86' lang='lat' dir='ltr'><strong>usum</strong></span> <span class='ocrx_word' id='word_1_217' title='bbox 1142 2564 1194 2607; x_wconf 91' lang='lat' dir='ltr'><strong>et</strong></span> <span class='ocrx_word' id='word_1_218' title='bbox 1231 2552 1531 2607; x_wconf 83' lang='lat' dir='ltr'><strong>exercitium</strong></span> <span class='ocrx_word' id='word_1_219' title='bbox 1547 2592 1562 2617; x_wconf 95' lang='lat'><strong>,</strong></span> <span class='ocrx_word' id='word_1_220' title='bbox 1620 2553 1751 2622; x_wconf 87' lang='lat' dir='ltr'><strong>quod</strong></span> <span class='ocrx_word' id='word_1_221' title='bbox 1786 2550 2052 2606; x_wconf 89' lang='lat' dir='ltr'><strong>Ecclesiae</strong></span> <span class='ocrx_word' id='word_1_222' title='bbox 2099 2563 2238 2606; x_wconf 75' lang='lat' dir='ltr'><strong>e‘sset</strong></span> 
     </span>
     <span class='ocr_line' id='line_1_29' title="bbox 377 2631 2235 2713; baseline -0.001 -20"><span class='ocrx_word' id='word_1_223' title='bbox 377 2641 500 2695; x_wconf 90' lang='lat' dir='ltr'><strong>utile</strong></span> <span class='ocrx_word' id='word_1_224' title='bbox 537 2642 631 2696; x_wconf 48' lang='lat' dir='ltr'><strong>vel*</strong></span> <span class='ocrx_word' id='word_1_225' title='bbox 657 2640 1029 2707; x_wconf 90' lang='lat' dir='ltr'><strong>necessarium,</strong></span> <span class='ocrx_word' id='word_1_226' title='bbox 1083 2639 1353 2713; x_wconf 86' lang='lat' dir='ltr'><strong>praefinire</strong></span> <span class='ocrx_word' id='word_1_227' title='bbox 1399 2640 1460 2693; x_wconf 90' lang='lat' dir='ltr'><strong>ab</strong></span> <span class='ocrx_word' id='word_1_228' title='bbox 1498 2638 1714 2711; x_wconf 90' lang='lat' dir='ltr'><strong>ipsomet</strong></span> <span class='ocrx_word' id='word_1_229' title='bbox 1751 2631 1958 2693; x_wconf 89' lang='lat' dir='ltr'><strong>Christo</strong></span> <span class='ocrx_word' id='word_1_230' title='bbox 2009 2639 2235 2693; x_wconf 91' lang='lat' dir='ltr'><strong>relictum</strong></span> 
     </span>
     <span class='ocr_line' id='line_1_30' title="bbox 378 2725 2236 2799; baseline -0.001 -19"><span class='ocrx_word' id='word_1_231' title='bbox 378 2728 490 2795; x_wconf 89' lang='lat' dir='ltr'><strong>fuit,</strong></span> <span class='ocrx_word' id='word_1_232' title='bbox 529 2738 584 2780; x_wconf 91' lang='lat' dir='ltr'><strong>ut</strong></span> <span class='ocrx_word' id='word_1_233' title='bbox 623 2747 687 2781; x_wconf 92' lang='lat' dir='ltr'><strong>ne</strong></span> <span class='ocrx_word' id='word_1_234' title='bbox 713 2728 916 2783; x_wconf 90' lang='lat' dir='ltr'><strong>divinae</strong></span> <span class='ocrx_word' id='word_1_235' title='bbox 941 2727 1251 2789; x_wconf 84' lang='lat' dir='ltr'><strong>institutioni</strong></span> <span class='ocrx_word' id='word_1_236' title='bbox 1273 2725 1642 2799; x_wconf 87' lang='lat' dir='ltr'><strong>Episcoporum</strong></span> <span class='ocrx_word' id='word_1_237' title='bbox 1669 2726 1931 2796; x_wconf 90' lang='lat' dir='ltr'><strong>quicquam</strong></span> <span class='ocrx_word' id='word_1_238' title='bbox 1956 2727 2236 2780; x_wconf 89' lang='lat' dir='ltr'><strong>detractum</strong></span> 
     </span>
     <span class='ocr_line' id='line_1_31' title="bbox 378 2813 2237 2889; baseline -0.001 -20"><span class='ocrx_word' id='word_1_239' title='bbox 378 2816 641 2883; x_wconf 66' lang='lat' dir='ltr'><strong>credatur,</strong></span> <span class='ocrx_word' id='word_1_240' title='bbox 681 2834 793 2870; x_wconf 91' lang='lat' dir='ltr'><strong>cum</strong></span> <span class='ocrx_word' id='word_1_241' title='bbox 832 2816 1078 2889; x_wconf 88' lang='lat' dir='ltr'><strong>ejusmodi</strong></span> <span class='ocrx_word' id='word_1_242' title='bbox 1116 2814 1393 2868; x_wconf 89' lang='lat' dir='ltr'><strong>moderatio</strong></span> <span class='ocrx_word' id='word_1_243' title='bbox 1432 2831 1524 2866; x_wconf 91' lang='lat' dir='ltr'><strong>seu</strong></span> <span class='ocrx_word' id='word_1_244' title='bbox 1560 2813 1818 2867; x_wconf 88' lang='lat' dir='ltr'><strong>restrictio</strong></span> <span class='ocrx_word' id='word_1_245' title='bbox 1857 2832 1961 2866; x_wconf 90' lang='lat' dir='ltr'><strong>non</strong></span> <span class='ocrx_word' id='word_1_246' title='bbox 2004 2825 2237 2869; x_wconf 88' lang='lat' dir='ltr'><strong>versetur</strong></span> 
     </span>
     <span class='ocr_line' id='line_1_32' title="bbox 377 2900 2231 2976; baseline -0.001 -19"><span class='ocrx_word' id='word_1_247' title='bbox 377 2903 514 2958; x_wconf 88' lang='lat' dir='ltr'><strong>circa</strong></span> <span class='ocrx_word' id='word_1_248' title='bbox 538 2903 589 2956; x_wconf 88' lang='lat' dir='ltr'><strong>id</strong></span> <span class='ocrx_word' id='word_1_249' title='bbox 614 2904 744 2975; x_wconf 86' lang='lat' dir='ltr'><strong>quod</strong></span> <span class='ocrx_word' id='word_1_250' title='bbox 769 2902 823 2955; x_wconf 88' lang='lat' dir='ltr'><strong>in</strong></span> <span class='ocrx_word' id='word_1_251' title='bbox 847 2901 1115 2976; x_wconf 90' lang='lat' dir='ltr'><strong>Episcopis</strong></span> <span class='ocrx_word' id='word_1_252' title='bbox 1137 2912 1217 2957; x_wconf 91' lang='lat' dir='ltr'><strong>est</strong></span> <span class='ocrx_word' id='word_1_253' title='bbox 1236 2901 1451 2973; x_wconf 90' lang='lat' dir='ltr'><strong>originis</strong></span> <span class='ocrx_word' id='word_1_254' title='bbox 1472 2909 1623 2970; x_wconf 88' lang='lat' dir='ltr'><strong>atque</strong></span> <span class='ocrx_word' id='word_1_255' title='bbox 1649 2900 1983 2954; x_wconf 89' lang='lat' dir='ltr'><strong>institutionis</strong></span> <span class='ocrx_word' id='word_1_256' title='bbox 2013 2901 2231 2966; x_wconf 78' lang='lat' dir='ltr'><strong>divinae,</strong></span> 
     </span>
     <span class='ocr_line' id='line_1_33' title="bbox 379 2985 2235 3062; baseline -0.002 -18"><span class='ocrx_word' id='word_1_257' title='bbox 379 2992 480 3045; x_wconf 45' lang='lat' dir='ltr'><strong>sed*</strong></span> <span class='ocrx_word' id='word_1_258' title='bbox 504 2991 640 3045; x_wconf 90' lang='lat' dir='ltr'><strong>circa</strong></span> <span class='ocrx_word' id='word_1_259' title='bbox 697 2991 747 3044; x_wconf 92' lang='lat' dir='ltr'><strong>id</strong></span> <span class='ocrx_word' id='word_1_260' title='bbox 798 2991 928 3061; x_wconf 85' lang='lat' dir='ltr'><strong>quod</strong></span> <span class='ocrx_word' id='word_1_261' title='bbox 968 3010 998 3044; x_wconf 92' lang='lat' dir='ltr'><strong>a</strong></span> <span class='ocrx_word' id='word_1_262' title='bbox 1039 2988 1250 3046; x_wconf 90' lang='lat' dir='ltr'><strong>Christo</strong></span> <span class='ocrx_word' id='word_1_263' title='bbox 1287 2989 1654 3062; x_wconf 90' lang='lat' dir='ltr'><strong>Apostolorum</strong></span> <span class='ocrx_word' id='word_1_264' title='bbox 1703 2998 1756 3042; x_wconf 91' lang='lat' dir='ltr'><strong>et</strong></span> <span class='ocrx_word' id='word_1_265' title='bbox 1790 2985 2052 3042; x_wconf 86' lang='lat' dir='ltr'><strong>Ecclesiae</strong></span> <span class='ocrx_word' id='word_1_266' title='bbox 2088 3006 2235 3060; x_wconf 89' lang='lat' dir='ltr'><strong>prae-</strong></span> 
     </span>
     <span class='ocr_line' id='line_1_34' title="bbox 377 3071 2236 3152; baseline -0.002 -20"><span class='ocrx_word' id='word_1_267' title='bbox 377 3078 658 3152; x_wconf 89' lang='lat' dir='ltr'><strong>positorum</strong></span> <span class='ocrx_word' id='word_1_268' title='bbox 699 3071 1016 3150; x_wconf 73' lang='lat' dir='ltr'><strong>dispositioni</strong></span> <span class='ocrx_word' id='word_1_269' title='bbox 1047 3079 1280 3132; x_wconf 84' lang='lat' dir='ltr'><strong>relictum</strong></span> <span class='ocrx_word' id='word_1_270' title='bbox 1299 3118 1326 3150; x_wconf 25' lang='lat' dir='ltr'><strong>,p</strong></span> <span class='ocrx_word' id='word_1_271' title='bbox 1353 3096 1383 3130; x_wconf 89' lang='lat' dir='ltr'><strong>a</strong></span> <span class='ocrx_word' id='word_1_272' title='bbox 1412 3078 1529 3148; x_wconf 85' lang='lat' dir='ltr'><strong>jure</strong></span> <span class='ocrx_word' id='word_1_273' title='bbox 1565 3073 1926 3129; x_wconf 85' lang='lat' dir='ltr'><strong>Ecclesiastico</strong></span> <span class='ocrx_word' id='word_1_274' title='bbox 1964 3073 2236 3147; x_wconf 87' lang='lat' dir='ltr'><strong>proficisci-</strong></span> 
     </span>
     <span class='ocr_line' id='line_1_35' title="bbox 377 3166 1304 3239; baseline -0.001 -21"><span class='ocrx_word' id='word_1_275' title='bbox 377 3176 488 3232; x_wconf 89' lang='lat' dir='ltr'><strong>tur,</strong></span> <span class='ocrx_word' id='word_1_276' title='bbox 528 3176 580 3220; x_wconf 79' lang='lat' dir='ltr'><strong>e&#39;t</strong></span> <span class='ocrx_word' id='word_1_277' title='bbox 618 3167 681 3219; x_wconf 89' lang='lat' dir='ltr'><strong>ad</strong></span> <span class='ocrx_word' id='word_1_278' title='bbox 719 3166 1029 3239; x_wconf 85' lang='lat' dir='ltr'><strong>disciplinam</strong></span> <span class='ocrx_word' id='word_1_279' title='bbox 1069 3168 1304 3221; x_wconf 87' lang='lat' dir='ltr'><strong>refertur.</strong></span> 
     </span>
    </p>

    <p class='ocr_par' dir='ltr' id='par_1_3' title="bbox 370 3247 2235 3501">
     <span class='ocr_line' id='line_1_36' title="bbox 527 3247 2232 3326; baseline -0.003 -20"><span class='ocrx_word' id='word_1_280' title='bbox 527 3255 610 3309; x_wconf 88' lang='lat'><strong>17.</strong></span> <span class='ocrx_word' id='word_1_281' title='bbox 687 3251 746 3307; x_wconf 86' lang='lat' dir='ltr'><strong>Si</strong></span> <span class='ocrx_word' id='word_1_282' title='bbox 795 3272 918 3308; x_wconf 91' lang='lat' dir='ltr'><strong>vero</strong></span> <span class='ocrx_word' id='word_1_283' title='bbox 968 3254 1097 3307; x_wconf 85' lang='lat' dir='ltr'><strong>hanc</strong></span> <span class='ocrx_word' id='word_1_284' title='bbox 1142 3262 1446 3326; x_wconf 87' lang='lat' dir='ltr'><strong>potestatem</strong></span> <span class='ocrx_word' id='word_1_285' title='bbox 1492 3267 1639 3303; x_wconf 87' lang='lat' dir='ltr'><strong>nemo</strong></span> <span class='ocrx_word' id='word_1_286' title='bbox 1689 3257 1903 3319; x_wconf 83' lang='lat' dir='ltr'><strong>negaret</strong></span> <span class='ocrx_word' id='word_1_287' title='bbox 1952 3247 2232 3320; x_wconf 72' lang='lat' dir='ltr'><strong>ApostoliS,</strong></span> 
     </span>
     <span class='ocr_line' id='line_1_37' title="bbox 378 3334 2234 3410; baseline -0.002 -18"><span class='ocrx_word' id='word_1_288' title='bbox 378 3341 463 3410; x_wconf 85' lang='lat' dir='ltr'><strong>qui</strong></span> <span class='ocrx_word' id='word_1_289' title='bbox 501 3340 556 3392; x_wconf 90' lang='lat' dir='ltr'><strong>in</strong></span> <span class='ocrx_word' id='word_1_290' title='bbox 594 3340 886 3396; x_wconf 85' lang='lat' dir='ltr'><strong>universum</strong></span> <span class='ocrx_word' id='word_1_291' title='bbox 936 3342 1111 3402; x_wconf 84' lang='lat' dir='ltr'><strong>orbem</strong></span> <span class='ocrx_word' id='word_1_292' title='bbox 1129 3338 1302 3394; x_wconf 63' lang='lat' dir='ltr'><strong>&#39;missi‘</strong></span> <span class='ocrx_word' id='word_1_293' title='bbox 1341 3338 1374 3391; x_wconf 80' lang='lat' dir='ltr'><strong>a</strong></span> <span class='ocrx_word' id='word_1_294' title='bbox 1413 3334 1620 3391; x_wconf 87' lang='lat' dir='ltr'><strong>Christo</strong></span> <span class='ocrx_word' id='word_1_295' title='bbox 1673 3334 2088 3389; x_wconf 79' lang='lat' dir='ltr'><strong>extraordinario</strong></span> <span class='ocrx_word' id='word_1_296' title='bbox 2120 3336 2234 3406; x_wconf 88' lang='lat' dir='ltr'><strong>jure</strong></span> 
     </span>
     <span class='ocr_line' id='line_1_38' title="bbox 370 3422 2235 3501; baseline -0.003 -20"><span class='ocrx_word' id='word_1_297' title='bbox 370 3430 478 3500; x_wconf 85' lang='lat' dir='ltr'><strong>jam</strong></span> <span class='ocrx_word' id='word_1_298' title='bbox 519 3427 773 3499; x_wconf 83' lang='lat' dir='ltr'><strong>explicato</strong></span> <span class='ocrx_word' id='word_1_299' title='bbox 813 3427 866 3501; x_wconf 56' lang='grc' dir='ltr'><strong>ᾗ.</strong></span> <span class='ocrx_word' id='word_1_300' title='bbox 908 3428 959 3481; x_wconf 78' lang='grc'><strong>4.</strong></span> <span class='ocrx_word' id='word_1_301' title='bbox 1003 3429 1331 3495; x_wconf 64' lang='lat' dir='ltr'><strong>fruebantur,</strong></span> <span class='ocrx_word' id='word_1_302' title='bbox 1371 3443 1546 3490; x_wconf 84' lang='lat' dir='ltr'><strong>nemo,</strong></span> <span class='ocrx_word' id='word_1_303' title='bbox 1584 3422 1805 3493; x_wconf 88' lang='lat' dir='ltr'><strong>inquam,</strong></span> <span class='ocrx_word' id='word_1_304' title='bbox 1845 3422 1973 3476; x_wconf 90' lang='lat' dir='ltr'><strong>hanc</strong></span> <span class='ocrx_word' id='word_1_305' title='bbox 2009 3431 2235 3494; x_wconf 88' lang='lat' dir='ltr'><strong>potesta-</strong></span> 
     </span>
    </p>
   </div>
  </div>
 </body>
</html>
