2326 3854
707 269 864 275 ---
965 234 1084 290 199
1178 264 1342 272 -—

120 405 228 455 dum
269 420 416 473 supra
452 419 538 454 cos
576 420 662 454 ex.
702 420 776 471 gr.
825 398 906 470 qui
941 415 1070 450 nunc
1117 406 1233 449 sunt
1277 394 1496 464 exempti
1544 393 1603 443 ab
1642 391 1918 462 EpiscopiS,

122 488 233 540 licet
270 488 417 540 etiam
467 486 555 538 sub
603 485 715 538 istis
760 502 907 556 pares
951 492 1037 535 aut
1080 484 1294 552 majores
1338 497 1529 549 quoque
1577 476 1758 529 abusus
1806 475 1920 526 olim

120 571 442 638 inoleverint,
491 579 545 621 ut
586 579 721 640 patet
768 587 837 622 cx
874 569 966 635 iis,
1015 584 1138 635 quos
1175 563 1515 618 inmonachis
1562 561 1638 614 sui
1684 559 1920 630 temporis

122 675 219 708 non
252 653 501 725 exemptis
549 655 703 706 refert
748 664 896 723 atque
942 650 1168 720 coarguit
1204 650 1475 703 Ratherius
1523 647 1573 699 in
1622 645 1746 697 libro
1780 645 1920 696 Con-

114 744 365 809 fessionis
419 748 470 792 et
503 738 554 790 iu
595 739 972 806 Praeloquiis?
1040 733 1164 802 Quis
1203 743 1377 789 caveat
1413 735 1471 786 de
1508 730 1736 785 abusibus
1773 728 1921 782 resti-

118 834 224 876 tuto
261 822 520 895 Episcopis
557 840 614 875 ac
650 821 985 893 Metropolitis
1021 822 1222 889 antiquo
1260 821 1547 873 facultatum
1585 814 1828 869 exercitio
1867 832 1923 866 ac

114 911 261 979 jure?
334 905 518 960 Nonne
565 908 626 959 ob
677 909 886 971 abusuS,
935 907 1018 976 qni
1055 907 1144 958 sub
1174 905 1300 975 ‚ipsis
1336 906 1647 975 irrepserunt
1696 910 1746 953 et
1782 899 1922 952 inva-

119 994 387 1059 lescebant,
427 991 612 1060 aliquot
636 992 921 1044 facultatum
956 989 1272 1042 limitationes
1297 1000 1381 1042 aut
1406 987 1751 1042 restrictioncs
1779 984 1924 1037 utiles

117 1078 198 1131 vel
235 1077 544 1130 necessariae
583 1076 776 1129 habitae
813 1078 962 1128 sunt?
1012 1072 1220 1141 Quando
1259 1076 1349 1128 snb
1384 1075 1554 1127 iisdem
1592 1072 1772 1124 abusus
1797 1078 1924 1132 ,sunt

119 1161 379 1222 metuendi,
417 1161 525 1229 quis
561 1171 672 1231 apte
708 1162 920 1231 probare
955 1169 1120 1230 potest
1155 1178 1276 1212 vero
1314 1157 1578 1210 Pontificio
1607 1158 1709 1226 juri
1739 1155 1924 1225 jamdiu

119 1245 307 1316 vigenti
343 1255 392 1297 et
429 1246 714 1298 confirmato
757 1243 1236 1306 Pontifices'dehere
1273 1243 1447 1295 cedere
1486 1251 1536 1293 et
1572 1240 1925 1310 expoliari„·ut

118 1332 169 1382 in
215 1331 460 1399 integrum
503 1329 858 1381 ‘restituantur
890 1326 1153 1399 Episcopi,
1195 1327 1296 1380 'sub
1344 1325 1518 1395 quibus
1565 1325 1795 1394 aequales
1850 1324 1925 1376 vel

119 1415 330 1484 majores
368 1414 517 1466 etiam
555 1414 733 1466 abusus
772 1413 1032 1482 aliquando
1068 1411 1234 1469 timeri
1271 1412 1488 1479 queant?

261 1499 311 1560 2,
387 1496 515 1564 Quid
550 1517 697 1568 porro
736 1498 779 1550 si
815 1497 1043 1552 revocari
1090 1514 1189 1549 non
1236 1495 1393 1567 possit
1440 1495 1642 1564 antiqua
1679 1512 1923 1547 canonum

118 1582 394 1652 disciplina,
437 1583 553 1651 quin
591 1601 659 1635 ex
707 1581 1023 1636 restitutione
1054 1581 1125 1633 rin
1171 1581 1422 1651 integrum
1467 1583 1654 1651 majora
1692 1580 1923 1632 scandala

119 1677 170 1719 et
206 1667 453 1720 scissurae
489 1668 812 1737 gravissimae
847 1667 1114 1738 prudenter
1148 1666 1444 1722 timeantur?
1507 1664 1590 1717 Ad
1628 1662 1924 1717 aedificatio-

118 1769 229 1803 nem
285 1761 336 1803 et
389 1752 569 1805 bonum
604 1751 862 1805 Ecclesiae
915 1750 1165 1821 pertinent
1218 1769 1319 1804 non
1374 1751 1530 1803 solum
1584 1748 1693 1814 illa,
1750 1749 1924 1816 quibus

118 1835 315 1888 utilitati
350 1837 432 1890 vel
465 1837 752 1890 necessitati
788 1836 1007 1907 ejusdem
1031 1835 1360 1907 prospicitur,
1408 1853 1580 1889 verum
1630 1834 1777 1887 etiam
1822 1833 1924 1897 illa,

118 1920 291 1989 quibus
327 1921 505 1972 malum
540 1921 864 1991 impediatur,
912 1931 963 1974 et
1005 1939 1161 1991 grave
1209 1920 1402 1991 aliquod
1438 1920 1751 1983 scandalum,
1797 1920 1925 1987 quod

119 2022 187 2057 cx
223 2022 315 2057 usu
361 2006 672 2074 quantumvis
721 2024 810 2076 per
856 2023 911 2057 se
953 2006 1083 2059 hono
1121 2006 1200 2059 vel
1237 2007 1387 2059 etiam
1435 2005 1626 2057 meliori
1664 2003 1923 2074 potestatis

114 2090 426 2142 metuendum
462 2100 612 2142 esset.
688 2088 883 2144 Cavcre
920 2090 1063 2142 enim·
1093 2109 1122 2142 a
1170 2091 1298 2144 malo
1345 2090 1534 2163 specics
1571 2090 1685 2141 boni
1723 2099 1823 2153 est3
1875 2098 1926 2141 et

116 2173 177 2224 ad
227 2174 407 2232 honum
453 2173 713 2228 Ecclesiae
766 2176 1074 2228 referendum
1094 2216 1108 2241 ,
1158 2176 1202 2229 si
1251 2194 1351 2228 non
1385 2185 1686 2247 ¹procuretur
1733 2175 1924 2243 aliquod

116 2260 295 2311 bonum
316 2297 330 2323 ‚
368 2260 494 2328 quod
531 2260 639 2312 sine
675 2260 852 2330 majori
898 2261 1075 2312 damno
1112 2262 1327 2315 obtineri
1364 2281 1465 2314 non
1502 2270 1682 2332 potest.
1757 2258 1924 2312 Hocce

116 2343 405 2414 principium
455 2362 486 2397 a
532 2345 717 2396 sanctis
765 2363 956 2414 quoque
1000 2345 1123 2400 viris
1174 2347 1524 2417 approbatum,
1581 2354 1631 2398 et
1676 2345 1729 2396 in
1774 2345 1925 2414 praxi

118 2429 268 2480 etiam
303 2437 551 2499 receptum
589 2429 887 2499 saepissime
911 2429 1133 2499 legimus.
1208 2429 1318 2483 Hac
1355 2430 1414 2483 de
1463 2448 1616 2482 causa.
1649 2427 1706 2482 S.
1746 2429 1923 2499 Augu-

117 2513 276 2565 stinus
321 2511 542 2584 (Epist,
565 2515 683 2567 185.
734 2515 794 2566 ad
829 2514 996 2567 Bonif.
1047 2513 1289 2569 Comitem
1341 2534 1389 2566 n.
1429 2514 1547 2583 45.)
1598 2514 1922 2567 relaxandum

117 2599 308 2651 censuit
343 2598 655 2652 coercitionis
690 2599 924 2669 rigorem,
963 2618 1069 2653 cum
1106 2599 1355 2661 scissurae
1394 2609 1444 2652 et
1469 2600 1699 2652 scandala
1735 2601 1924 2670 majora

118 2682 368 2735 timentur.
445 2684 506 2735 In
545 2688 800 2756 ejusmodi
845 2689 1048 2749 causis,
1098 2685 1280 2754 inquit,
1330 2687 1418 2736 ubi
1454 2705 1559 2754 per
1594 2705 1783 2754 yravcs
1821 2688 1923 2737 dis-

118 2771 413 2820 sensionum
447 2772 703 2822 scissuras
757 2789 863 2821 non
900 2771 1054 2841 Izzq'us
1103 2779 1196 2823 aut
1231 2773 1375 2823 illius
1414 2771 1636 2822 hominis
1674 2777 1753 2823 est
1783 2774 1923 2838 peri-

119 2853 321 2912 culum,
378 2854 473 2904 sed
514 2856 839 2921 populorum
893 2862 1098 2923 strayes
1129 2861 1345 2925 jacent,
1405 2856 1788 2908 detrahendum
1849 2862 1926 2906 est

117 2939 324 3006 aliquid
357 2941 649 2999 severitati,
695 2946 753 2991 ut
786 2941 1073 3010 majoribus
1109 2943 1260 2993 malis
1299 2941 1551 2992 sanandis
1588 2943 1786 2992 caritas
1823 2943 1923 2991 sin-

117 3041 243 3075 cera
289 3024 570 3075 subveniat.
659 3021 790 3075 Idem
844 3024 1030 3093 pariter
1080 3022 1294 3077 Sanctus
1345 3043 1451 3077 cum
1512 3023 1622 3076 aliis
1670 3023 1922 3077 Africanis

117 3106 406 3160 Donatistas
442 3106 715 3179 Episcopos
753 3118 803 3160 et
839 3110 1042 3164 clericos
1081 3111 1340 3163 redeuntes
1377 3110 1436 3161 ad
1476 3110 1711 3162 unitatem
1748 3108 1921 3162 Eccle-

118 3193 221 3244 siae
272 3194 324 3244 in
371 3193 472 3246 suis
529 3193 763 3263 gradibus
813 3195 1118 3266 recipiendos
1166 3195 1387 3266 putavit,
1446 3213 1507 3246 ne
1564 3195 1731 3264 rigore
1780 3194 1922 3247 disci-

119 3277 281 3347 plinae
318 3278 632 3333 conversioni
680 3296 846 3330 corum
891 3281 1024 3332 obex
1061 3289 1415 3351 apponeretur,
1461 3290 1513 3332 ct
1560 3299 1665 3333 cum
1703 3279 1921 3332 maximo

119 3381 216 3415 non
265 3372 366 3415 tam
415 3364 630 3435 ipsorum
652 3404 664 3428 ‚
714 3381 857 3434 quam
901 3365 1107 3417 aliorum
1156 3365 1371 3435 periculo
1424 3366 1833 3418 confirmarentur
1869 3364 1918 3416 in

122 3447 402 3500 schismate.
476 3446 694 3503 Eandem
745 3449 986 3503 rationem
1034 3451 1325 3521 praximque
1380 3451 1633 3522 praeclare
1689 3450 1923 3522 exposuit
