2326 3854
975 138 1636 195 ——110—

378 301 505 355 ciliis
541 304 864 374 generalibus
905 320 1059 375 supra>
1096 320 1202 368 eoS‚
1242 303 1325 374 qui
1362 304 1421 357 de
1447 302 1756 358 pontificatu
1782 307 2061 373 certabant,
2102 307 2226 360 adeo

377 397 460 456 ut,
502 389 546 443 si
584 408 683 443 non
724 392 960 444 cederent
1007 397 1212 462 sponte,
1261 391 1392 462 quod
1436 391 1711 463 legitimum
1759 403 1888 450 erat,
1918 392 2129 446 medium
2170 413 2228 447 ac

377 476 620 543 debitum,
685 469 877 531 onmes
907 477 1278 549 deponerentur
1325 479 1405 534 vel
1460 479 1634 545 inviti,
1700 478 1816 533 licet
1870 479 1920 532 id
1975 497 2227 551 nunquam

377 575 530 619 antea
569 565 747 617 fuisset
784 564 1023 618 auditum.
1063 560 1210 619 Hane
1245 566 1636 638 pertinacissimi
1673 566 1958 620 schismatis
1991 567 2228 622 vexatio-

378 669 490 704 nem
529 661 686 703 totam
709 649 756 723 ¹)
796 652 1049 706 rationem
1087 666 1387 725 causamque
1423 655 1599 721 fuisse,
1639 672 1729 707 cur
1765 653 1819 706 in
1857 653 1986 710 hanc
2023 664 2228 708 senten-

375 738 497 790 tiam
555 735 970 794 Constantiensis
1025 749 1279 813 tempore,
1310 742 1479 814 plures
1541 742 1813 808 abiissent,
1869 760 1971 795 non
2018 742 2230 795 obscure

374 834 594 878 testatus
645 835 725 879 est
759 826 989 883 Joannes
1027 826 1230 883 Gerson
1278 829 1331 881 in
1367 839 1592 882 tractatu
1631 831 1717 882 De
1747 837 1948 900 potest.
2007 831 2226 883 ‘Ecclea

375 915 582 966 consid.
634 931 692 965 x.
743 915 992 988 nbi-‘post
1037 926 1371 969 memoratam
1408 917 1664 987 vulgatam
1713 926 1863 970 antea
1900 934 2075 970 eorum
2113 934 2230 969 sen-

375 1000 618 1066 tentiam·‚
679 1001 763 1072 qui
807 1011 1116 1071 posuerunt
1154 1006 1417 1073 papalem
1466 1008 1842 1057 auctoritatem
1891 1022 2060 1073 supra
2105 1022 2228 1057 con-

374 1090 576 1154 cilium,
615 1097 713 1142 aut
745 1091 936 1142 saltem
972 1110 1082 1143 non
1107 1081 1397 1160 imparem,
1437 1090 1629 1145 subdit:
1681 1090 2019 1145 Benedictus
2055 1087 2231 1158 autem

375 1177 555 1238 Deus,
591 1176 686 1246 qui
715 1194 821 1246 per
860 1179 964 1231 lcoc
1000 1187 1406 1232 sacrosanctum
1451 1181 1750 1233 Concilium
1787 1180 2116 1232 illustratam
2152 1181 2230 1230 di-

373 1268 528 1330 vinae
569 1266 702 1334 legis
751 1267 975 1326 tantine,
1024 1268 1187 1319 dante
1227 1268 1378 1338 (nota
1414 1266 1537 1319 haec
1574 1265 1762 1335 verba)
1803 1270 1880 1319 ad
1914 1268 2021 1319 hoc
2055 1268 2230 1335 ipsam

388 1350 844 1403 VEXATJONE
876 1358 1185 1421 praesentis
1229 1355 1530 1407 schismatis
1579 1353 1932 1415 intellectum,
1983 1355 2232 1406 liberavit

378 1440 524 1491 Deus
564 1440 868 1493 Ecclesiam
911 1459 1062 1493 suam
1110 1442 1178 1493 ab
1227 1443 1332 1494 hac
1361 1446 1633 1511 pestifera
1662 1445 2228 1512 perniciosissimaque

374 1529 644 1579 doctrina.
737 1527 816 1579 Ita
873 1545 943 1580 ex
1004 1527 1310 1600 praejudicio
1365 1529 1669 1600 gravissimo
1725 1547 1888 1583 novae
1944 1527 2229 1581 sententiae

375 1613 664 1685 pestiferam
698 1622 756 1666 >et
781 1614 1260 1686 perniciosissimam
1283 1616 1750 1670 vocatrdoctrinam
1788 1614 2061 1689 antiquam,
2099 1631 2229 1685 quae

374 1702 546 1754 eodem
586 1702 778 1754 fatente
815 1703 980 1774 paullo
1018 1712 1134 1775 post
1171 1706 1375 1756 consid.
1401 1718 1490 1756 xn.
1527 1704 1685 1768 veluti
1722 1704 1967 1774 quaedam
2003 1705 2228 1755 traditio

373 1807 404 1840 a
459 1788 730 1859 majoribus
786 1799 1022 1862 suscepta
1077 1800 1197 1844 ante
1265 1788 1662 1845 Constantiense
1718 1795 1797 1845 sic
1864 1797 2229 1860 occupaverat

372 1884 571 1930 mentes
619 1876 974 1948 plur-imorum,
1011 1885 1097 1932 ‘ut
1150 1866 1455 1950 oppositam
1506 1881 1872 1949 cloymatizare
1915 1882 2115 1948 fuisset
2161 1881 2228 1931 de

373 1966 650 2017 haeretica
678 1969 954 2033 pravitate
991 1974 1295 2036 suspectum
1330 1969 1418 2020 vel
1453 1969 1779 2020 damnatam.

519 2052 570 2102 (Ji.
646 2051 704 2104 In
744 2071 801 2105 re
852 2062 1019 2106 autem
1070 2053 1182 2106 huic
1226 2053 1613 2126 receptissimae
1657 2053 1923 2106 traditioni
1971 2052 2227 2106 contraria

372 2139 672 2207 noluerunt,
743 2158 839 2194 nec
893 2141 1005 2194 ausi
1067 2150 1185 2193 sunt
1240 2140 1461 2213 ejusdem
1520 2139 1737 2195 Concilii
1793 2139 1981 2194 Patres
2014 2157 2227 2195 >novam

372 2225 651 2279 doctrinam
690 2228 750 2281 de
790 2230 911 2300 jure
949 2226 1166 2283 Concilii
1215 2247 1368 2301 supra
1404 2227 1596 2301 Papam
1644 2229 1952 2282 constituere
1989 2237 2225 2299 tanquam

373 2313 554 2385 dogma
591 2314 733 2381 fidei3
786 2317 874 2370 sed
923 2335 984 2370 eo
1023 2326 1331 2371 revocarunt
1368 2317 1598 2381 decreta,
1648 2325 1703 2368 ut
1732 2317 1818 2388 jus
1858 2315 2039 2388 synodi
2076 2334 2227 2369 oecu-

372 2401 598 2456 menicae
636 2403 746 2456 sola
784 2403 991 2458 remedii
1040 2405 1347 2459 necessitate
1394 2404 1448 2457 in
1495 2405 1662 2461 tribus
1696 2405 1988 2458 memoratis
2026 2404 2226 2457 casibus

372 2499 660 2543 statuerent
696 2488 807 2544 sine
856 2492 956 2545 ulla
993 2492 1249 2555 haeresiS‚
1300 2503 1388 2546 aut
1427 2493 1558 2561 valiax
1589 2492 1738 2546 simili
1773 2502 1920 2558 nota,
1977 2510 2077 2563 qua
2115 2492 2225 2545 fidei

372 2576 687 2630 definitiones
726 2578 968 2649 distingui
1004 2579 1188 2647 solent,
1227 2589 1279 2632 et
1315 2596 1462 2649 quam
1500 2580 1629 2633 idem
1667 2577 1949 2633 Concilium
1986 2569 2223 2648 adhibuit,

372 2682 482 2716 cum
522 2664 725 2717 decreta
774 2664 836 2717 ad
885 2665 1031 2717 fidem
1079 2665 1389 2736 pertinentia
1437 2666 1491 2718 in
1539 2666 1955 2721 condemnatione
1993 2684 2223 2720 errorum

372 2749 626 2817 Wiffleffi,
679 2750 790 2805 Hus
845 2761 897 2805 et
933 2748 1240 2825 Hieronymi
1295 2751 1582 2825 Pragensis
1637 2754 1751 2808 aliis
1805 2755 1859 2808 in
1914 2755 2225 2808 sessionibus

372 2837 541 2891 edidit.
628 2837 752 2892 Sola
795 2838 1001 2910 quidem
1053 2840 1333 2895 necessitas
1380 2842 1589 2896 remedii
1643 2842 1697 2895 in
1747 2842 1959 2896 laudatis
2009 2842 2223 2896 circum-

371 2927 573 2985 stantiis
610 2927 741 2981 sicut
777 2946 880 2980 non
919 2927 1086 2993 efficit,
1125 2938 1180 2981 ut
1222 2928 1432 2984 inferior
1466 2931 1780 3001 jushabeat
1815 2930 1869 2982 in
1907 2931 2221 3002 superiorum

371 3033 542 3080 suum,
581 3015 655 3068 ita
692 3033 786 3069 nec
824 3015 1001 3081 efficit,
1058 3025 1112 3068 ut
1148 3014 1319 3088 Papa,
1359 3017 1442 3087 qui
1484 3020 1602 3091 jure
1650 3018 1819 3074 divino
1865 3028 1944 3071 est
1990 3015 2222 3089 superior

498 3160 536 3216 ¹)
567 3165 688 3204 Hanc
719 3165 892 3205 eandem
924 3165 1129 3206 rationem
1162 3169 1266 3207 satis
1308 3167 1514 3207 indicavit
1555 3168 1678 3208 etiam
1710 3166 1946 3218 Episcopus
1978 3167 2219 3216 meldensis,

372 3234 462 3264 cum
493 3224 564 3267 lib.
598 3226 642 3265 6.
675 3225 728 3267 al.
764 3224 833 3268 10.
872 3225 1148 3276 Defensionis
1179 3240 1215 3269 c.
1252 3225 1322 3267 19.
1364 3231 1396 3270 t.
1429 3228 1471 3266 2.
1505 3241 1598 3279 pag.
1633 3226 1722 3265 509
1765 3226 1985 3278 plerosque
2017 3229 2220 3269 Constan-

370 3286 520 3325 tiensis
552 3285 773 3325 doctrinae
802 3286 1074 3326 adversarios
1103 3288 1193 3327 sive
1215 3288 1412 3339 antiquos
1441 3288 1532 3326 slve
1554 3287 1813 3326 recentiores
1845 3297 1897 3327 eo
1931 3288 2022 3327 solo
2054 3290 2219 3329 nomine

371 3345 631 3385 excusandos
665 3346 865 3395 credidit,
899 3346 1010 3398 quod
1041 3359 1121 3386 non
1153 3347 1548 3399 animadverterint,
1582 3359 1701 3398 quam
1736 3359 1787 3386 ea
1818 3348 1874 3387 sit
1907 3348 2036 3404 certis
2065 3350 2112 3389 in
2145 3363 2215 3390 ca—

370 3404 488 3444 sibus
519 3403 741 3446 Ecclesiae
771 3408 1036 3456 necessaria,
1076 3419 1127 3446 ac
1160 3409 1196 3447 si
1229 3406 1332 3448 haec
1365 3404 1595 3447 necessitas
1628 3418 1703 3457 per
1745 3420 1789 3446 se
1834 3407 2045 3448 sufficiens
2091 3409 2217 3449 suerit

370 3465 458 3514 ejus
491 3463 711 3505 doctrinae
744 3465 1006 3507 inducendae
1037 3466 1169 3508 ‚ratim
