2326 3854
892 119 1556 176 ——134—

300 284 384 338 16.
415 283 575 339 Cone.
613 287 707 340 col.
740 286 899 339 1041.
939 283 1051 355 a.):
1091 286 1174 337 Ibi
1211 283 1293 356 (in
1330 282 1746 357 Constantiensi)
1783 306 1893 340 mm
1930 297 2012 342 cst
2045 291 2151 343 Ec-

293 374 489 435 clesia,
546 377 645 426 sed
692 376 747 425 in
789 372 1089 426 Paniscola
1138 379 1218 426 est
1253 391 1408 433 vera,
1445 376 1692 443 inquam,
1744 374 2019 428 Ecclesia.-
2083 378 2158 438 Et

294 462 633 514 verberando
671 477 886 512 manum
925 477 1077 512 suam
1105 461 1207 514 >ad
1241 460 1559 513 cathedram
1597 478 1748 514 suam
1795 463 1967 514 dixit:
2046 464 2155 517 Hic

295 554 376 600 est
409 567 544 600 arca
582 547 720 606 Noc,
758 545 812 596 in
849 562 948 614 qua
986 545 1276 617 paucissimi
1315 556 1478 600 erant.
1553 545 1635 600 De
1672 544 2156 602 Constantiensibus

294 643 460 687 autem
479 673 493 699 ,
541 632 624 702 qui
675 649 746 685 ex
792 631 1024 685 omnibus
1064 633 1363 689 obedientiis
1402 634 1725 700 coaluerant,
1775 635 2155 707 pronuntiavit:

293 723 410 790 Ipsi
461 723 631 790 mayis
681 726 807 773 sunt
855 720 1213 783 schismatici,
1262 740 1421 791 quam
1469 741 1587 792 eye.
1678 720 1733 775 Id
1769 720 2157 779 Donatistarum

292 825 520 860 errorem
557 808 800 878 praefert,
840 806 922 876 qui
960 807 1025 865 ad
1061 825 1152 864 eos
1189 807 1486 880 paucos-in·
1504 808 1714 866 Africae
1753 810 1940 881 angulo
1965 808 2157 863 Donati

293 903 490 966 partem
529 902 805 963 sequentes
842 912 1021 949 veram
1045 891 1330 949 Ecclesiam
1369 894 1625 948 redactam
1664 897 1926 967 putabant,
1965 896 2158 966 hocque

293 980 498 1035 nomine
535 999 637 1034 non
678 981 841 1035 solum
879 979 1215 1042 schismatici,
1264 981 1354 1035 sed
1390 981 1636 1035 haeretici
1672 982 1826 1036 etiam
1861 983 2032 1048 fuere,
2077 983 2157 1037 in-

291 1068 523 1123 ficiantes
559 1086 714 1123 verae
739 1064 1006 1124 Ecclesiae
1042 1067 1474 1140 praerogativam,
1514 1068 1563 1120 id
1601 1078 1681 1123 est
1706 1069 2018 1123 catholicae
2044 1079 2157 1124 toto

294 1157 419 1210 orbe
457 1155 686 1211 diffusae.
763 1153 879 1209 Hac
913 1154 1087 1225 itaque
1125 1155 1304 1227 duplici
1330 1154 1619 1213 schismatis
1658 1165 1710 1210 et
1748 1156 1977 1213 haeresis
2003 1174 2159 1213 causa

292 1242 600 1299 Benedictus
637 1241 783 1300 XIII.
837 1242 913 1314 (si
948 1258 1125 1297 verum
1162 1238 1463 1298 Pontificem
1515 1243 1673 1298 fuisse
1711 1242 2008 1313 existimes)
2046 1243 2157 1317 ipso

291 1331 428 1384 facto
465 1349 560 1384 sua
595 1331 860 1386 voluntate
896 1329 1141 1401 primatu-
1170 1338 1222 1382 et
1241 1328 1570 1387 ¹Pontificatu
1618 1341 2010 1397 exauctoratus,
2058 1331 2158 1386 rite

292 1436 354 1471 ac
391 1417 615 1489 legitime
654 1416 838 1489 deponi
874 1416 1039 1489 potuit
1085 1434 1116 1471 a
1147 1414 1385 1474 «Concilio
1424 1427 1668 1488 tanquam
1715 1417 2068 1475 schismaticus
2105 1428 2158 1474 et

289 1504 606 1572 haereticus,
647 1506 777 1575 quod
815 1523 928 1558 cum
965 1522 1069 1559 non
1108 1513 1415 1576 congrueret
1450 1502 1639 1559 «loanni
1673 1502 1908 1572 XXIII„
1946 1506 2001 1561 in
2036 1524 2156 1561 sen-

289 1591 452 1647 tentia
493 1601 673 1646 contra
710 1593 843 1646 hunc
881 1591 1014 1645 edita
1051 1580 1357 1648 declaratum
1395 1608 1510 1648 nou
1535 1591 1742 1663 legitur.
1788 1624 1790 1626 v

442 1679 523 1734 18.
601 1677 763 1735 Vides
800 1667 1034 1744 interim,
1082 1678 1260 1748 quibus
1299 1679 1460 1736 modis
1499 1678 1674 1734 diviua
1710 1679 2037 1752 providentia.
2065 1698 2158 1734 usa

292 1776 371 1820 est
399 1766 470 1826 -ad
495 1766 792 1821 abolendum
831 1786 922 1840 per
949 1764 1399 1824 Constantiensem
1426 1766 1676 1840 synodum
1701 1766 2158 1839 pertinacissimum

291 1854 539 1920 schisma,
596 1864 662 1907 ut·
701 1873 767 1909 ne
819 1874 944 1928 opus
993 1862 1134 1911 esset
1171 1853 1381 1907 eandem
1424 1854 1680 1925 'synodum
1729 1855 1993 1926 quicquam
2024 1855 2158 1928 juris

292 1959 542 1996 exercere
609 1942 672 1996 ad
720 1943 1090 2014 deponendum.
1116 1959 1210 1998 sua
1271 1940 1572 1996 auctoritate
1628 1942 1911 2014 quempiam
1935 1984 1937 1986 -
1959 1960 2157 2007 verum,

291 2029 408 2083 licet
455 2029 709 2101 ignotum,
766 2029 1020 2085 actualem
1062 2025 1384 2085 Pontificem.
1486 2027 1793 2100 Gregorium
1841 2029 1975 2086 enim
2012 2026 2156 2094 XII„

291 2116 377 2187 qui
425 2116 732 2189 probabilius
784 2126 899 2171 erat
943 2133 1100 2173 verus
1151 2124 1204 2169 et
1255 2115 1508 2186 legitimus
1546 2114 1723 2189 Papa,
1767 2134 1869 2169 non
1909 2115 2157 2187 deposuit,

295 2223 407 2266 cum
444 2214 625 2278 sponte
663 2203 898 2261 cesserit.
970 2201 1221 2261 Joanuem
1246 2222 1372 2259 vero
1397 2201 1629 2270 XXIII„
1657 2204 1703 2259 si
1727 2201 2158 2267 verus-Pontifex

291 2292 448 2347 fuisse
487 2293 750 2358 credatur,
790 2283 1019 2364 deposuit
1057 2291 1283 2362 quidem,
1324 2290 1414 2345 sed
1450 2309 1522 2347 cx
1560 2293 1670 2363 ejus
1707 2291 1968 2346 voluntate
2004 2299 2157 2360 atque

291 2398 573 2447 consensu,
625 2379 712 2450 qui
760 2378 982 2442 cessioni
1035 2379 1340 2450 aequivalet.
1417 2376 1593 2437 Solum
1642 2378 1972 2433 Benedictum
2011 2375 2156 2433 XIII.

290 2477 404 2540 post
442 2469 690 2523 adunatas
728 2467 1043 2525 obedientias
1081 2467 1313 2540 deposuit
1358 2466 1602 2533 invitum,
1651 2485 1762 2520 cum
1810 2483 2032 2522 renuens
2071 2483 2159 2521 ac·-

292 2554 472 2608 cedere
509 2554 574 2607 ad
609 2555 858 2616 unitatem
895 2564 948 2612 et
985 2553 1315 2612 Pontificatui
1352 2555 1558 2618 cedere,
1610 2553 1893 2624 persistens
1929 2552 2156 2623 partina·-

292 2640 496 2697 cissime
531 2640 587 2697 in
623 2641 897 2698 manifesta
922 2641 1248 2713 separatione
1287 2660 1318 2697 a
1355 2631 1568 2712 corpore
1591 2637 1855 2705 Ecclesiae
1881 2637 2155 2697 catholicae

282 2729 391 2800 jam
429 2729 709 2793 adunatae,
765 2746 902 2787 sese.
920 2728 1293 2785 schismaticum
1344 2737 1397 2783 et
1445 2725 1753 2783 haereticum
1790 2725 2033 2796 prodiditz
2085 2742 2157 2779 cx

292 2834 390 2886 quo
445 2815 502 2869 in
556 2815 887 2888 depositionis
943 2816 1199 2874 sententia
1254 2815 1420 2888 ipsum
1476 2814 1704 2888 synodus
1756 2812 2045 2869 schismatis
2101 2821 2161 2867 et«

291 2903 520 2959 haeresis
570 2903 855 2961 nominibus
903 2905 969 2958 ab
1006 2902 1240 2961 Ecclesia
1277 2901 1591 2977 praecisum,
1646 2911 1702 2955 et:
1751 2919 1782 2955 a
1822 2898 2155 2965 Pontificem,

291 3010 437 3063 quem
475 2992 854 3064 praetendebat,
894 2992 1172 3065 depositum
1211 2989 1488 3046 declaravit
1508 2988 1686 3061 potius
1717 3006 1866 3059 quam
1904 2985 2150 3058 deposuit.

290 3078 592 3138 Necessitas
620 3087 746 3150 ergo
785 3079 1011 3144 remedii,
1050 3098 1120 3132 ex
1147 3072 1246 3149 qua
1271 3066 1501 3150 generali
1525 3074 1739 3133 concilio
1757 3076 1843 3146 jus
1870 3074 2151 3128 coactivum

291 3166 608 3223 tribuendum
646 3167 945 3224 credebatur
993 3185 1146 3240 supra
1184 3164 1463 3231 Pontifices
1499 3164 1573 3223 ins
1600 3160 2028 3222 extraordinariis
2068 3179 2153 3214 ca-

293 3255 430 3308 sibus
451 3254 760 3310 ·mcmoratis
798 3273 829 3307 a
867 3251 1280 3319 constantiensi,
1329 3271 1389 3307 ac
1431 3248 1749 3325 praesertim¹
1777 3247 1832 3301 in
1870 3247 2153 3302 difficillimo

293 3344 401 3414 ejus
439 3341 686 3416 temporis
704 3341 1015 3404 schismate,
1052 3358 1150 3413 quo
1179 3339 1474 3414 evanuerit,
1502 3355 1574 3392 ex
1595 3337 1846 3392 ‘hactenus
1881 3333 2152 3414 ⁴disputatis

294 3431 505 3500 quisque
543 3428 813 3500 intelliget.
878 3432 881 3435 ’
1523 3425 1526 3427 ’
