2326 3854
1232 162 1309 198 XL

476 301 738 358 Diximus
786 306 898 359 tum
946 305 1126 372 solum
1162 300 1415 379 Petrum,
1462 309 1578 360 tum
1621 304 2016 379 Apostolorum
2046 305 2195 365 Col-

344 390 591 466 legium,
656 401 712 448 et
773 390 918 465 quod
980 391 1369 467 consequitur,
1439 395 1555 448 tum
1628 392 1810 448 solum
1878 391 2196 452 Romanum

343 476 693 556 Pontificem,
741 482 855 536 tum
900 497 1102 553 corpus
1147 476 1557 554 Episcoporum
1589 498 1712 536 cum
1749 478 1910 556 Papa
1954 499 2193 556 reprae-

346 572 572 624 sentare
628 566 950 623 Ecclesiam
1008 567 1421 643 universalem,
1493 569 1620 642 quia
1689 569 1903 626 scilicet
1962 575 2196 645 uterque

342 656 496 731 regit
541 660 599 711 et
658 656 822 711 docet
879 655 1176 710 ecclesiam
1234 655 1577 733 discentem,
1624 659 1790 731 atque
1848 660 1926 715 i-ta
1977 661 2196 715 ratione

345 745 655 800 autoritatis
708 759 846 799 suae
903 742 1223 799 immediate
1267 761 1303 799 a
1349 740 1577 801 Christo
1639 750 1906 820 acceptae
1951 764 2194 821 reprae-

344 834 528 887 sentat
573 835 791 887 coetum
837 829 1096 888 fidelium.
1191 827 1441 888 Caveas
1467 836 1673 909 tamen,
1719 851 1792 890 ne
1853 835 2028 890 ullam
2090 852 2195 892 re-

341 919 736 996 praesentandi
781 921 894 975 vim
948 919 1206 976 adstruas
1268 937 1341 976 ex
1388 919 1751 996 delegatione
1797 924 2192 1000 autoritateve,

342 1023 486 1080 quae
541 1006 845 1063 descendat
891 1025 964 1063 ex
995 1006 1236 1064 fidelium
1285 1013 1447 1065 coetu
1495 1026 1595 1064 seu
1630 1009 1875 1065 ecclesia
1919 1011 2194 1087 discente,

342 1095 487 1169 quod
516 1093 968 1152 vdemocraticum
1017 1096 1164 1153 foret
1221 1101 1279 1153 et
1313 1111 1359 1152 ‘a
1405 1114 1575 1153 sensu
1623 1097 1905 1161 catholico,
1931 1100 2194 1155 alienum.

340 1181 544 1257 Neque
613 1180 667 1240 in
731 1200 966 1258 corpore
1031 1183 1440 1260 Episcoporum
1510 1203 1546 1240 a
1612 1184 1869 1242 Romano
1918 1185 2194 1243 -Pontifice

338 1273 597 1346 praeciso
631 1269 1007 1346 (chimaerica
1051 1273 1194 1329 haec
1222 1273 1368 1330 foret
1411 1273 1771 1351 hypothesiS,
1817 1278 1878 1330 ut
1909 1275 2050 1330 alias
2073 1279 2194 1346 jam

340 1361 697 1415 observatum
759 1364 876 1436 est,
940 1362 988 1415 si
1035 1378 1227 1417 omnes
1273 1360 1588 1436 Episcopos
1648 1379 1890 1437 poneres
1955 1382 1991 1418 a
2035 1363 2194 1439 Papa

338 1444 665 1524 praecisos)
698 1447 817 1504 ulla
851 1450 1311 1524 repraesentandi
1351 1447 1672 1506 Ecclesiam
1718 1453 1804 1507 vis
1837 1450 2049 1508 adstrui
2079 1470 2192 1527 po-

339 1540 480 1613 test,
529 1538 656 1610 quia
703 1555 737 1591 a
791 1535 961 1593 Petro
1021 1540 1292 1612 praecisis
1351 1538 1509 1594 nulla
1567 1555 1602 1593 a
1648 1535 1875 1595 Christo
1925 1558 2194 1596 concessa

339 1628 426 1679 est
479 1626 814 1700 auctoritaS,
871 1625 1135 1699 nullaque
1191 1628 1278 1681 vis
1338 1624 1658 1681 Ecclesiam
1714 1627 2192 1701 repraesentandi.

469 1710 774 1786 Reliquum
799 1717 908 1784 est,
946 1716 1009 1768 ut
1032 1712 1101 1768 de
1125 1712 1427 1791 Febronio,
1458 1712 1892 1771 Pistoriensibus
1918 1715 2194 1772 ethorum

334 1799 683 1874 Josephinae
731 1800 983 1875 epochae
1031 1802 1302 1878 assecliS,
1373 1803 1465 1877 qui
1510 1820 1701 1859 omnes
1756 1805 1999 1859 unanimi
2045 1806 2190 1881 nisu,

334 1886 803 1965 Protestantium,
850 1887 1300 1947 Jansenistarum
1348 1895 1405 1946 et
1439 1889 1696 1947 Richerii
1741 1893 2000 1968 vestigiis
2045 1894 2189 1947 insi-

336 1980 571 2053 stentes,
620 1978 720 2034 toti
762 1974 820 2032 ‘in
867 1995 936 2034 eo
982 1982 1131 2055 sunt,
1182 1982 1243 2034 ut
1287 1977 1532 2036 Romani
1571 1977 1852 2035 Pontificis
1897 1981 2191 2054 primatum

335 2068 653 2142 coarctent,
699 2065 1063 2142 labefactent,
1111 2067 1472 2143 pessumdent
1517 2070 1574 2124 et
1619 2069 1969 2144 concutiant,
2010 2086 2192 2143 pauca

335 2152 555 2209 addam.
1115 2195 1118 2198 «

465 2241 559 2297 Ad
582 2241 921 2300 Febronium
953 2243 1097 2318 quod
1128 2247 1403 2321 pertinet,
1451 2244 1551 2299 sub
1584 2260 1690 2318 quo
1738 2242 1924 2300 fictitio
1970 2245 2190 2300 nomine

333 2328 608 2386 Nicolaus
654 2331 751 2386 ille
798 2332 866 2387 ab
912 2330 1237 2409 Hontheim,
1283 2331 1601 2407 Episcopus
1649 2328 1923 2406 quendam
1951 2330 2189 2404 Myric-

332 2417 620 2492 phytanus
664 2416 736 2474 in
772 2419 1070 2494 partibus
1101 2425 1157 2476 et
1188 2420 1602 2497 suffraganeus
1632 2419 1990 2476 Trevirensis
2029 2421 2188 2496 latet,

335 2510 494 2576 cujus
540 2508 708 2582 impia
755 2524 928 2583 opera
974 2509 1215 2565 decretis
1261 2509 1368 2566 2¹7.
1414 2509 1583 2564 Febr.
1638 2509 1860 2583 1764,
1909 2509 1969 2564 3.
2020 2506 2186 2563 Febr.

328 2595 525 2652 1766.
574 2599 631 2650 et
677 2595 737 2652 3.
770 2595 962 2652 Martii
995 2597 1184 2654 1773.
1232 2597 1545 2671 proscripta
1591 2599 1647 2650 et
1690 2597 1745 2651 in
1774 2595 2188 2670 ¹prohibitorum

331 2681 570 2738 indicem
616 2683 796 2740 relata
842 2689 1002 2761 sunt,
1059 2683 1439 2740 Richerianae
1495 2680 1872 2740 democratiae
1920 2685 2188 2758 principia

331 2772 551 2827 recoxit
599 2774 656 2827 et
713 2771 852 2829 fovit
874 2770 985 2850 >li),
1032 2776 1198 2847 atque
1244 2772 1567 2848 delegatam
1613 2773 1679 2828 ab
1727 2771 1834 2828 hac
1875 2773 2185 2828 aristocra-

451 2951 498 3008 *)
531 2953 743 2997 Sensisse
760 2952 1038 2998 Febronium
1070 2966 1172 2996 cum
1186 2953 1415 3006 ffichefio,
1446 2956 1539 2995 tam
1571 2952 1755 3009 planum
1787 2956 1861 2996 est
1881 2949 2186 3008 exploratum-

331 3028 436 3072 que,
467 3028 603 3071 quam
633 3014 933 3062 manifestum,
969 3013 1179 3057 Richerio
1211 3012 1494 3071 praeluxisse
1525 3011 1824 3063 Abulensem,
1856 3012 1987 3068 cujus
2019 3010 2185 3054 doctri-

329 3089 429 3118 nam
461 3073 720 3118 Febr-onius
752 3074 996 3131 exscripsit
1026 3074 1345 3132 probavitque.
1416 3073 1489 3116 En
1514 3071 1758 3116 Abulensis
1789 3071 1931 3115 verba
1962 3085 1990 3113 a
2011 3070 2186 3114 Febro-

328 3134 406 3178 nio
434 3139 543 3178 tom.
557 3134 592 3178 Ι.
613 3148 712 3191 cap.
731 3133 765 3178 I.
789 3135 827 3192 §.
844 3130 887 3176 6.
904 3149 1016 3191 pag.
1037 3132 1109 3178 34.
1141 3134 1374 3191 descripta
1396 3149 1453 3178 ex
1475 3138 1652 3191 quaest.
1671 3130 1838 3175 XLIX.
1860 3130 1907 3173 in
1923 3130 2038 3188 Cap.
2055 3131 2181 3174 XIII.

328 3195 518 3239 Numer.
551 3193 789 3250 „Ecclesia
819 3194 1012 3252 suscipit
1043 3194 1196 3238 claves
1218 3210 1245 3238 a
1263 3194 1470 3248 Christo,
1502 3200 1552 3237 et
1567 3190 1779 3249 Apostoli
1809 3197 2025 3251 tanquam
2054 3191 2181 3236 mini-

329 3254 415 3298 stri
450 3253 711 3308 Ecclesiae3
760 3259 809 3298 et
849 3270 968 3299 nunc
999 3254 1209 3299 Ecclesia
1249 3254 1350 3299 illas
1390 3254 1527 3297 habet
1571 3259 1618 3295 et
1650 3250 1851 3296 Praelati
1892 3251 2051 3305 etiam:
2099 3252 2182 3294 sed

330 3314 464 3359 aliter
493 3315 703 3360 Ecclesia
735 3330 867 3373 quam
891 3315 1118 3372 Praelati3
1151 3314 1252 3359 naui
1273 3313 1480 3358 Ecclesia
1508 3311 1608 3356 illas
1639 3312 1778 3356 habet
1807 3312 2052 3355 secundum
2085 3311 2183 3355 ori-

330 3375 480 3432 ginem
512 3381 561 3419 et
590 3375 822 3431 virtutem,
852 3375 1056 3420 Praelati
1084 3381 1238 3420 autem
1268 3375 1438 3419 habent
1459 3371 1705 3416 secundum
1726 3386 1857 3416 usum
1881 3387 2050 3416 earum.
2101 3370 2180 3414 Di-

329 3436 449 3480 citur
479 3435 690 3480 Ecclesia
720 3437 888 3481 habere
921 3435 1166 3480 secundum
1197 3434 1415 3479 virtutem
1444 3433 1610 3487 claves,
1644 3431 1751 3490 quia
1770 3437 1926 3489 potest
1954 3431 2052 3475 illas
2075 3446 2182 3475 con-

329 3496 452 3540 ferre
484 3495 698 3540 Praelato
742 3508 823 3554 per
863 3495 1143 3540 electionem.
1164 3527 1176 3539 .
1195 3526 1238 3540 ..
1293 3494 1456 3539 Omnia
1487 3499 1641 3538 autem
1681 3492 1775 3537 ista
1803 3491 2089 3537 descendunt
2123 3507 2181 3536 ex
