2326 3854
1002 132 1617 188 *30*

527 300 613 353 18.
666 297 824 352 Nolui
875 297 968 351 hoc
1016 298 1126 350 loco
1178 296 1512 361 contendere,
1577 314 1794 366 quonam
1853 315 2006 350 sensu
2052 296 2237 351 intelli-

378 386 541 458 genda
591 386 695 441 sint
740 386 827 438 illa
872 385 1086 439 Patrum
1137 393 1187 436 et
1226 383 1544 454 antiquorum
1584 382 1888 437 Pontificum
1924 384 2235 451 testimonia,

379 472 556 544 quihus
605 473 772 529 claves
820 490 913 545 per
952 469 1166 524 Petrum
1214 471 1339 543 ipsis
1385 470 1695 544 Apostolicis
1745 472 2136 526 communicatas
2186 481 2238 526 et

378 559 738 634 Episcopatum
776 578 807 611 a
845 556 1006 611 Petro
1046 568 1098 611 et
1134 577 1225 630 per
1252 556 1464 612 Petrum
1505 559 1753 631 originem
1791 560 1974 613 ducere
2012 577 2235 631 pronun-

378 649 595 714 tianteS,
644 645 995 718 Episcopalem
1034 644 1436 716 jurisdictionem
1485 665 1514 700 a
1560 645 1721 710 Retro
1760 657 1811 701 et
1848 646 1997 700 Petri
2024 665 2237 701 *succes-

380 736 578 788 soribus
615 734 667 785 in
708 732 836 786 alios
875 732 1164 807 dimanare,
1204 733 1447 787 videntur
1475 733 1706 788 innuere.
1750 732 2068 789 Sententiam
2101 732 2242 786 enim*

379 825 439 875 de
495 839 730 893 suprema
777 829 829 873 et
874 820 1022 892 plena
1064 820 1281 874 istorum
1328 830 1582 892 potestate
1628 821 1786 892 snpra
1831 819 2114 893 Episcopos
2165 838 2235 873 ex

379 909 544 963 minus
593 917 736 962 certa
787 917 839 961 et
883 917 1216 963 controversa
1262 907 1686 980 interpretatione
1733 907 1885 960 notim
1929 909 2150 980 pendere
2187 918 2239 961 et

379 1015 615 1069 arguere.
693 993 825 1048 Dum
865 993 1232 1069 Episcoporum
1271 995 1558 1067 jurisdictio
1608 1013 1698 1048 seu
1745 995 2052 1061 auctoritaS,
2108 1013 2238 1065 quae

372 1084 504 1155 juris
542 1083 698 1138 divini
735 1082 915 1154 negari
952 1100 1056 1136 non
1094 1093 1291 1155 potest,
1331 1082 1631 1136 Pontificiae
1670 1082 1996 1136 subordinata
2029 1092 2082 1136 et
2118 1083 2237 1135 suh-

367 1174 511 1242 jecta
560 1171 866 1224 concedatur
913 1171 1076 1241 quoad
1126 1171 1438 1223 subditorum
1489 1169 1920 1241 designationem,
1978 1180 2030 1224 et
2075 1170 2238 1251 quoad

378 1257 748 1330 Episcopalium
786 1258 1079 1311 facultatum
1118 1258 1421 1311 exercitium
1462 1267 1612 1327 atque
1651 1257 2031 1323 limitationem,
2069 1267 2130 1310 ut
2150 1248 2239 1310 ad·-

377 1344 602 1399 versarii·
633 1362 705 1398 ex
743 1345 1035 1398 constitutis
1074 1346 1353 1399 concedant
1388 1354 1620 1417 oportet3
1661 1345 1790 1398 satis
1827 1344 1947 1397 mihi
1981 1363 2113 1399 nunc
2139 1354 2237 1411 est,

379 1450 675 1502 quocunque
712 1432 858 1486 modo
898 1432 1198 1505 explicanda
1236 1432 1304 1485 sit
1341 1434 1450 1504 ejus
1488 1433 1635 1504 origo
1675 1442 1726 1486 et
1763 1431 2079 1504 propagatio.

1021 1670 1439 1744 CAPUT
1503 1671 1597 1745 Π.

380 1816 460 1876 De
492 1832 619 1892 jure
666 1831 1022 1877 Romanorum
1064 1830 1382 1890 Pontificum
1415 1838 1466 1877 et
1500 1831 1768 1878 Generalis
1807 1831 2031 1878 Cone-ilii
2100 1830 2238 1891 Num

715 1887 941 1937 'alterum
976 1892 1133 1937 alteri
1153 1898 1392 1953 praestet
1421 1896 1476 1938 in
1506 1896 1731 1938 materia
1761 1891 1896 1949 fidei.

1237 2002 1284 2080 §2
1326 2009 1364 2061 1.

379 2115 497 2158 Num
531 2116 720 2163 Romani
751 2112 977 2160 Pontificis
1009 2113 1206 2167 definitio
1236 2117 1277 2157 si
1307 2116 1548 2169 praecessit
1575 2116 1723 2167 ipsum
1751 2116 1992 2158 FonciLium
2020 2117 2235 2167 generale,

379 2179 506 2227 cogat
540 2176 690 2219 Patres
724 2176 932 2226 concilii,
976 2176 1042 2218 ita
1071 2179 1122 2217 ut
1153 2187 1241 2217 non
1272 2177 1446 2228 possint
1477 2177 1529 2218 ab
1563 2189 1612 2217 ea
1646 2176 1899 2226 dissentire,
1950 2180 1990 2217 et
2022 2180 2236 2229 quatenus

378 2236 595 2289 Episcopi
634 2237 726 2277 sint
764 2237 813 2277 in
859 2236 1066 2278 Conciliis
1100 2233 1291 2285 judices,
1340 2237 1511 2278 etiamsi
1553 2237 1690 2277 eidem
1734 2207 1982 2288 definitioni
2021 2237 2238 2309 unitatem

907 2300 948 2338 et
978 2305 1235 2338 consensum
1264 2297 1448 2338 debeant
1477 2300 1717 2351 praestare.
1993 2308 1999 2318 ⁴
2030 2319 2034 2322 »

527 2383 577 2436 l.
641 2380 796 2436 Nunc
844 2383 1108 2438 veniamus
1157 2384 1220 2437 ad
1256 2381 1489 2438 Concilia
1535 2383 1821 2455 generalia,
1871 2384 1924 2436 in
1967 2383 2172 2453 quibus
2183 2393 2238 2438 et

378 2469 559 2524 summi
589 2468 856 2524 Pontificis
897 2480 949 2525 et
977 2468 1348 2543 Episcoporum
1378 2471 1657 2525 intervenit
1690 2480 1740 2525 et
1770 2471 2028 2524 concurrit
2059 2481 2236 2524 aucto-

378 2556 524 2609 ritas.
602 2555 676 2608 Ut
726 2566 892 2611 autem
931 2557 1118 2611 clarius
1156 2558 1414 2612 decidatur
1451 2558 1713 2627 quaestio,
1765 2557 2014 2628 quodnam
2053 2557 2121 2611 sit
2148 2561 2235 2631 jus

377 2642 556 2715 Papae
594 2652 646 2696 et
679 2641 1047 2715 Episcoporum
1083 2644 1136 2697 in
1175 2645 1418 2717 ejusmodi
1456 2644 1693 2716 synodiS,
1733 2653 1786 2697 et
1820 2654 1990 2697 utrum
2016 2650 2234 2716 genera·

379 2731 439 2784 lis
465 2728 1035 2801 Synodusauctoritate
1071 2740 1300 2805 praestet
1337 2750 1530 2786 summo
1557 2730 1828 2798 Pontifici,
1869 2751 1933 2785 an
1969 2752 1996 2786 c
2034 2736 2233 2799 contra,

378 2818 785 2889 distinguendum
821 2830 920 2874 est.
969 2868 971 2871 .
999 2820 1104 2874 Vel
1141 2819 1275 2873 enim
1313 2819 1484 2890 agitur
1520 2820 1582 2874 de
1618 2819 1833 2874 materia
1868 2821 2010 2885 fidei,
2055 2822 2138 2875 vel
2160 2821 2235 2874 'de

378 2906 584 2977 negotio
621 2906 924 2979 disciplinae.
990 2905 1049 2960 Si
1087 2908 1147 2960 de
1172 2906 1340 2978 primo*
1360 2916 1573 2978 agatur,
1609 2906 1899 2969 iterume'st
1915 2906 2234 2977 distinguem

378 2994 508 3046 dum.
584 2993 688 3048 Vel
733 2993 867 3048 enim
909 2984 970 3046 in*
1013 2994 1228 3049 materia
1275 3004 1607 3049 controversa
1655 2996 1717 3048 ad
1763 2996 1909 3049 fidem
1945 2994 2234 3065 pertinente

378 3081 511 3134 edita
570 3081 909 3152 praesumitur
972 3085 1091 3135 ante
1142 3078 1424 3136 Concilium
1471 3081 1799 3155 Apostolicae
1847 3081 1982 3136 sedis
2029 3082 2234 3154 proprie

378 3168 508 3223 dicta
531 3168 800 3234 definitio,
851 3170 935 3224 vel
982 3188 1104 3223 non.
1181 3167 1241 3222 Si
1288 3188 1456 3223 sermo
1502 3170 1568 3224 sit
1613 3170 1674 3223 de
1702 3164 1829 3222 'fidei
1876 3168 2164 3223 definitione
2194 3188 2232 3225 ,a

379 3273 571 3309 summo
617 3255 867 3311 Pontifice
928 3258 1062 3312 edita
1125 3266 1245 3312 ante
1295 3256 1706 3312 convocationem
1755 3256 1841 3310 aut
1895 3257 2232 3312 definitionem

378 3343 632 3410 generatis
666 3341 915 3409 Concilii3
954 3362 1026 3398 ex
1062 3342 1320 3416 principiis
1350 3346 1455 3416 jam
1496 3342 1785 3418 constitutis
1823 3343 1877 3396 in
1915 3342 2062 3397 libro·
2082 3360 2232 3416 prae·-

380 3431 573 3483 cedenti
610 3433 699 3485 De
734 3434 788 3482 vi
822 3437 877 3483 et
905 3435 1118 3489 ratione
1147 3436 1419 3502 primatus
1455 3427 1644 3485 decisio
1669 3432 1938 3490 manifesta
1962 3442 2059 3485 est.
2101 3429 2229 3486 Cum
