2326 3854
867 153 1530 211 —246—

332 335 410 377 que
441 323 524 364 ullo
555 323 812 377 praeJudicio
838 324 1111 365 auctoritatis
1143 325 1428 377 Apostolicae.
1471 320 1544 369 85.
1607 329 1818 372 Quaenam
1856 326 2120 371 fuerit‘Gon-

329 385 574 426 stantiensis
605 385 774 425 concilii
805 384 965 424 utilitas
995 385 1037 424 in
1069 384 1292 426 schismate
1322 386 1669 437 pertinacissimo.
1707 383 1804 430 129.

269 445 514 486 Schismatis
543 445 730 486 fautores
762 448 966 500 quatenus
998 444 1132 485 habiti
1162 445 1379 490 haeretici.
1410 442 1484 487 97.
1537 447 1783 488 Remedium
1809 448 1851 487 in
1874 460 1974 488 casu
1994 448 2123 489 schis-

327 506 464 554 matis,
495 517 578 561 quo
610 506 692 545 duo
723 506 792 545 vel
822 505 965 556 plures
997 505 1050 544 de
1069 505 1233 558 Papatu
1266 506 1583 549 contenderent.
1621 502 1720 550 126.
1783 508 1891 548 Νιιιιι
1924 509 1968 548 in
1992 508 2114 548 schis-

328 571 439 607 mate
472 566 598 618 Papa
629 565 788 606 dubius
820 566 876 605 sit
907 565 1033 605 etiam
1065 566 1228 607 nullus.
1267 561 1364 610 127.

268 627 604 728 Socrat1s23hl>cus
634 625 712 681 de·
720 631 802 665 nou
835 625 1086 666 celebrando
1118 627 1298 667 concilio
1330 631 1502 680 praeter
1522 628 1773 668 sententiam
1789 628 1930 681 Papae
1961 627 2123 668 discus-

327 700 410 730 sus.
695 698 697 700 ·
745 692 762 699 “’

267 747 488 789 Sozomeni
520 746 636 786 locus
667 746 721 786 de
752 744 901 786 eadem
933 757 979 785 re
1000 746 1258 799 explicatus.
1290 742 1396 790 233.
1488 771 1492 777 ·

267 810 312 852 S.
346 806 550 858 Stephani
582 807 724 860 Papae
755 809 876 857 gesta
905 806 950 846 in
981 807 1230 858 quaestione
1261 808 1315 848 de
1344 803 1551 861 baptismo
1581 808 1812 852 vindicata.
1844 803 1948 851 228.

266 867 566 910 Subordinatio
597 867 842 908 inferiorum
867 865 1019 908 ‘debita
1049 868 1350 920 superioribus.
1386 864 1454 912 13.
1492 863 1560 912 14.
1624 869 1742 914 Quid·
1767 869 1911 920 exigat
1942 869 1994 908 ab
2019 868 2121 921 Epi-

324 929 465 980 scopis
487 927 773 968 subordinatis
793 939 951 967 summo
968 927 1179 973 Pontifici
1219 924 1284 972 19.
1307 923 1382 968 21.
1414 932 1502 972 ιιοι.
1525 924 1563 973 l.
1592 937 1700 981 verga
1731 929 1999 970 definitiones
2021 928 2120 969 fidei

324 1002 350 1029 a
380 989 550 1029 summis
571 987 848 1030 Pontificibus
869 988 1030 1032 editas.
1061 983 1136 1030 33.
1167 984 1242 1032 34.
1305 990 1496 1030 Omnium
1515 988 1912 1031 Ecclesiasticarum
1935 993 2118 1042 potesta-

324 1051 410 1091 tum
440 1041 559 1102 Papa
597 1049 856 1091 inferiorum
877 1049 1169 1090 subordinatio
1209 1049 1453 1092 auctoritati
1485 1050 1734 1092 pontificiae
1775 1063 1895 1103 qnam
1927 1062 2119 1091 necessa-

324 1111 405 1151 ria.
441 1104 542 1152 156.

187 1220 191 1226 ι
264 1253 309 1291 S.
350 1228 569 1293 ¹'rhomae
599 1252 806 1294 laudatus.
843 1247 912 1297 19.
945 1257 1032 1296 not.
1058 1249 1094 1296 Ι.

261 1312 540 1354 Tridentinae
570 1312 723 1377 synodi
753 1305 870 1361 locus
903 1314 1152 1366 explicatus.
1195 1307 1268 1356 45.
1310 1308 1383 1355 46.
1453 1314 1575 1354 Haec
1605 1313 1793 1384 synodus
1821 1314 2118 1354 auctoritatem

324 1385 404 1473 3⁰¹¹
438 1373 630 1474 (ιιὲιῖιδιῖιιίι
659 1374 788 1427 supra
817 1374 976 1427 Papam
1007 1367 1112 1414 224.
1175 1374 1377 1416 Febronii
1407 1377 1536 1415 notae
1565 1374 1751 1441 audaces
1781 1375 1825 1415 in
1856 1374 1964 1415 hanc
1997 1375 2119 1427 syno-

353 1446 434 1476 nm.

263 1557 309 1618 S.
351 1553 579 1618 victoris
610 1576 754 1630 Papae
783 1579 906 1629 gesta
935 1577 979 1617 in
1013 1548 1281 1629 quaestione·
1303 1576 1356 1617 de
1388 1577 1458 1617 die
1490 1557 1674 1630 paschali
1716 1560 1934 1617 vindicata
1965 1563 1998 1617 a*
2023 1588 2121 1617 cen-

323 1649 423 1677 sura
447 1638 666 1681 Febronii.
697 1630 802 1680 227.
1362 1654 1366 1661 “

262 1698 449 1739 Unitatis
480 1697 616 1750 figura
645 1700 689 1739 et
722 1702 866 1752 typus
881 1698 925 1741 in
956 1699 1003 1739 S
1035 1697 1165 1741 Petro
1206 1709 1288 1739 non
1320 1697 1508 1742 excludit
1539 1700 1610 1751 jus
1641 1698 1875 1740 coactivum
1907 1697 2119 1750 proprium

323 1743 538 1811 primatus.
571 1755 617 1800 8.
648 1762 737 1800 not.
758 1755 799 1800 l.
1534 1791 1536 1794 -

260 1820 412 1860 Unitas
451 1819 553 1860 fidei
590 1832 683 1862 cum
713 1820 931 1862 Romanae
955 1817 1086 1861 sedis
1128 1817 1212 1858 fide
1255 1831 1377 1870 quam
1409 1819 1649 1861 necessaria
1690 1819 1817 1860 etiam
1858 1818 1900 1858 in
1931 1818 2120 1870 generali

321 1880 541 1929 concilio,
571 1892 818 1933 semperque
848 1882 1046 1926 servata.
1072 1873 1146 1920 37.
1211 1879 1402 1920 Omnium
1432 1881 1636 1931 graduum
1674 1879 2028 1925 hierarchicorum
2057 1879 2119 1919 in·

319 1941 486 1982 stitutio
519 1926 571 1982 eo
602 1941 783 1991 directa,
804 1944 865 1983 ιιι
894 1953 1038 1981 omnes
1060 1940 1266 2018 unitatem
1296 1945 1516 1990 servarent
1547 1954 1644 1982 cum·
1666 1944 1812 1982 centro
1846 1940 2018 1986 unitatis
2050 1951 2118 1980 ca·

260 1996 721 2106 Ustlzogffagxeil'gtium
742 2042 999 2115 potestatum
1014 2061 1333 2114 Episcopalium
1349 2062 1613 2103 subordinati
1634 2031 1844 2114 primatui.
1881 2054 1979 2112 159.
2019 2054 2115 2104 169.

319 2123 439 2163 Nihil
469 2122 568 2163 hinc
597 2126 749 2164 contra
778 2123 1085 2163 institutionem
1115 2121 1423 2175 Episcoporum
1455 2122 1654 2174 divinam.
1695 2115 1792 2163 160.

259 2184 367 2224 Usus
397 2184 627 2237 potestatis
659 2182 982 2235 distinguendus
1012 2182 1065 2223 ab
1097 2183 1260 2227 abnam,
1286 2177 1381 2226 160.

259 2304 482 2390 zosimus
511 2327 629 2380 Papa
661 2326 705 2366 in
735 2338 864 2367 causa
883 2325 1098 2368 coelestii.
1130 2320 1237 2365 229.

655 3532 892 3592 impressit
922 3533 976 3579 F.
1010 3532 1059 3577 Α.
1093 3532 1432 3577 Brockhaus
1464 3528 1716 3588 Lipsiae.
