2326 3854
937 149 1600 205 ——168—

328 309 572 380 primatus
611 311 735 383 ipsis
785 323 1074 384 competens
1107 316 1224 384 jure
1279 314 1476 380 divino,
1524 314 1578 366 in
1615 314 1791 368 iisdem
1830 314 1898 367 sit
1927 319 2012 387 jus
2051 318 2186 370 ordi-—

326 397 551 464 narium3
594 416 696 450 non
735 399 863 451 male
910 400 1200 453 ordinarii
1243 402 1666 455 ordinariorum
1705 401 1943 473 appellari
1982 413 2034 456 et
2071 424 2187 459 cen-

325 482 428 536 seri
467 494 680 553 queunt,
734 485 913 557 quippe
964 486 1144 557 quibus
1194 488 1248 540 in
1296 488 1477 543 alienis
1526 506 1722 558 quoque
1759 487 2075 543 dioecesibus
2099 493 2187 562 jus

326 570 641 624 ordinarium
682 589 750 623 ex
790 572 1009 644 primatu
1048 574 1303 647 competit,
1343 595 1403 630 ea
1440 586 1610 630 tamen
1650 575 1996 631 moderatione
2035 595 2189 631 exer-

327 659 566 723 cendum,
607 658 666 710 de
706 677 803 728 qua
840 670 957 731 post
993 679 1154 732 pauca
1192 664 1441 730 dicemuS‚
1482 673 1533 717 et
1571 663 1871 735 praesertim
1913 682 2020 736 cap.
2061 664 2113 716 4.

469 745 522 797 4.
599 743 782 815 Neque
821 747 916 800 hoc
955 749 1065 802 loco
1114 750 1395 823 quempiam
1433 759 1764 822 permoveant
1799 750 1887 803 illa
1926 748 2187 819 Fehmnii,

322 832 500 902 quibus
554 842 610 885 ut
658 832 880 887 indicata
930 833 1278 888 Romanorum
1328 835 1631 891 Pontificum
1694 847 1842 908 gesta
1901 836 1953 889 in
2005 838 2184 893 alienis

322 919 638 973 dioecesibus
677 931 827 991 atque
865 923 1143 994 provinciis
1182 942 1213 977 a
1243 926 1362 995 jure
1387 924 1609 996 ipsorum
1639 923 1896 989 ordinario
1923 927 2186 994 extrudat,

321 1006 511 1078 ingerit
551 1027 727 1063 omnes
766 1007 1049 1083 Episcopos
1089 1017 1247 1081 aeque
1285 1030 1435 1083 posse
1473 1011 1648 1065 eadem
1686 1010 1868 1082 ubique
1906 1023 2187 1083 praestare,

322 1094 365 1147 si
405 1097 686 1150 necessitas
724 1107 924 1168 urgeat,
966 1098 1038 1150 uti
1076 1116 1201 1152 sane
1236 1100 1480 1169 quaedam
1519 1098 1742 1170 ejusdem
1779 1099 2004 1169 generis,
2040 1120 2188 1173 prae-

324 1185 500 1235 sertim
528 1184 605 1236 ·in
645 1185 1054 1238 ordinationibus
1095 1187 1156 1238 ab
1197 1205 1257 1240 eo
1311 1186 1385 1259 (c.
1427 1187 1479 1240 3.
1522 1185 1569 1253 ἓ.
1614 1186 1663 1237 l.
1705 1204 1756 1237 n.
1796 1184 1884 1257 3.)
1934 1188 2188 1246 recensita

320 1270 686 1342 praestiterunt
745 1273 936 1344 aliquot
1001 1273 1163 1326 sancti
1215 1283 1268 1327 et
1326 1274 1553 1328 celebres
1615 1272 1712 1328 viri
1771 1282 1927 1326 extra
1981 1292 2184 1328 suarum

253 1364 265 1370 ²
321 1357 625 1412 dioeceseon
673 1378 732 1413 ac
784 1360 1156 1431 provinciarum
1224 1361 1378 1429 fines3
1437 1370 1493 1413 ut
1540 1378 1605 1413 ne
1650 1369 1818 1412 tamen
1859 1361 1947 1432 jus
1997 1361 2050 1414 in
2097 1381 2185 1416 eas

323 1444 632 1499 ordinarium
684 1446 986 1500 exercuisse
1039 1447 1337 1514 credantur,
1389 1466 1482 1502 nec
1528 1446 1775 1501 ordinarii
1814 1447 2186 1503 ordinariorum

321 1533 559 1604 appellati
598 1534 731 1599 sint,
790 1535 870 1588 vel
907 1535 1147 1607 appellari
1186 1545 1390 1606 queant.
1469 1533 1628 1588 Ratio
1679 1535 1841 1604 quoad
1893 1535 1984 1588 hos
2022 1538 2185 1591 mani-

322 1621 454 1673 festa
493 1630 589 1674 est.
668 1619 800 1675 Cum
840 1621 973 1675 enim
1011 1622 1099 1675 isti
1137 1642 1197 1676 ea
1238 1642 1309 1677 ex
1348 1622 1566 1677 caritate
1604 1620 1876 1693 gesserint,
1916 1631 1971 1675 ut
2008 1641 2186 1678 neces-

321 1706 463 1761 sitati
501 1707 730 1779 publicae
765 1709 1096 1782 providerent
1133 1711 1319 1783 (solius
1370 1710 1566 1782 quidem
1611 1708 1934 1763 necessitatis
1967 1711 2187 1769 nomine

321 1794 381 1846 ab
421 1793 534 1866 ipso
572 1783 831 1851 Febronio
872 1797 1248 1868 excusantur);
1300 1809 1405 1852 tum
1445 1816 1569 1854 vero
1619 1806 1809 1851 certum
1860 1797 2058 1852 aliunde
2108 1809 2187 1854 est

322 1900 399 1948 ea,
441 1901 569 1952 quae
609 1903 679 1937 ex
719 1885 933 1939 caritate
973 1904 1032 1940 ac
1056 1886 1364 1940 necessitate
1403 1905 1434 1939 a
1472 1884 1702 1957 quopiam
1741 1894 1890 1956 gesta
1928 1896 2062 1952 sunt,
2101 1898 2186 1941 aut

318 1980 568 2039 geruntur
604 1972 658 2024 in
709 1973 833 2027 locis
887 1983 937 2026 et
973 1973 1026 2025 in
1063 1973 1324 2045 personis,
1382 1972 1434 2025 in
1482 1991 1607 2043 quas
1644 1972 1900 2044 proprium
1929 1974 2012 2043 jus
2051 1974 2184 2027 ordi-

317 2057 517 2110 narium
557 2077 659 2112 non
698 2061 865 2126 habet,
905 2060 966 2112 ad
1003 2079 1178 2115 veram
1217 2070 1270 2114 et
1304 2059 1613 2114 ordinariam
1644 2058 2051 2131 jurisdictionem
2088 2060 2186 2134 ipsi

316 2144 665 2200 vindicandam
703 2148 901 2202 traduci
940 2167 1042 2202 non
1082 2166 1266 2220 posse3
1319 2148 1449 2202 sicut
1498 2165 1663 2217 neque
1702 2147 1762 2200 ad
1801 2165 1976 2200 verum
2009 2150 2185 2220 juset

317 2232 625 2287 ordinariam
664 2235 1073 2306 jurisdictionem
1130 2237 1384 2304 refertur,
1443 2253 1552 2289 cum
1590 2233 1749 2287 laicus
1787 2232 1840 2286 in
1878 2236 2184 2290 necessitate

318 2320 564 2393 baptizat.
644 2321 925 2396 Perperam
975 2323 1134 2395 igitur
1183 2322 1227 2376 F
1233 2323 1472 2378 ebronius
1495 2328 1595 2396 jus
1631 2321 1836 2377 vocavit
1882 2341 1944 2376 ea
1994 2323 2184 2393 qualia-

319 2427 513 2481 cunque
553 2408 929 2483 Episcopalium
968 2430 1229 2465 munerum
1269 2421 1435 2484 gesta,
1476 2429 1605 2481 quae
1643 2409 1695 2462 in
1733 2409 2044 2464 necessitate
2081 2429 2184 2464 non

308 2497 470 2567 juriS,
529 2498 617 2551 sed
673 2499 903 2552 caritatis
959 2499 1124 2554 officia
1182 2509 1316 2552 sunt.
1411 2498 1496 2550 Ad
1553 2516 1614 2550 ea
1652 2496 1846 2566 quidem
1895 2497 2184 2569 peragenda

318 2593 524 2637 sanctos
572 2584 685 2638 illos
737 2587 1060 2656 celebresque
1099 2585 1410 2658 EpiscopoS,
1459 2584 1544 2655 qui
1583 2585 1772 2636 nullum
1802 2586 1890 2654 jus
1927 2585 2182 2656 proprium

315 2669 371 2722 in
410 2670 604 2724 alienas
643 2671 903 2726 dioeceses
945 2691 1003 2726 ac
1027 2672 1331 2745 uprovincias
1370 2672 1642 2736 habebant,
1684 2670 1792 2723 sola
1815 2669 2010 2741 impulit
2049 2671 2181 2724 cari-

314 2767 414 2824 taS‚
453 2777 582 2829 quae
621 2759 772 2812 nullis
813 2760 1057 2815 adstricta
1098 2759 1334 2813 limitibus
1373 2778 1433 2813 eo
1473 2757 1708 2823 accurrit,
1750 2775 2046 2828 quocunque
2079 2755 2182 2812 Ec-

319 2846 504 2899 clesiae
543 2846 826 2900 necessitas
866 2858 1034 2902 vocat.

465 2934 518 2986 5.
596 2933 780 3004 Neque
817 2953 942 2989 vero
980 2935 1110 2989 idem
1151 2953 1261 2987 cum
1287 2932 1548 2988 Febronio
1583 2933 1841 2988 dicendum
1879 2931 1940 2986 de
1977 2932 2181 2986 summis

316 3018 681 3086 PontificibuS‚
732 3022 877 3091 quasi
916 3022 978 3075 ad
1009 3024 1092 3094 jus
1131 3022 1378 3094 primatus
1429 3021 1736 3074 ordinarium
1776 3019 2041 3073 referenda
2078 3038 2180 3073 non

317 3106 451 3174 sint,
492 3127 620 3179 quae
658 3108 731 3162 illi
769 3119 1044 3180 gesserunt
1083 3120 1238 3164 extra
1278 3110 1543 3163 Romanae
1581 3106 1827 3160 dioecesis
1865 3106 2008 3159 fines.
2087 3106 2180 3161 Jus

317 3195 549 3248 nimirum
588 3195 833 3268 primatus
874 3196 1126 3269 proprium
1165 3216 1276 3251 cum
1315 3215 1387 3251 ex
1435 3195 1603 3251 divina
1639 3193 1956 3247 institutione
1997 3204 2182 3249 exten-

316 3283 464 3339 datur
502 3284 555 3336 iu
591 3293 754 3336 totum
793 3285 1029 3337 mundum
1068 3283 1206 3338 etin
1243 3285 1534 3339 universam
1558 3280 1866 3348 Ecclesiam3
1899 3283 1986 3352 jus
2013 3291 2180 3336 autem

315 3370 560 3440 primatus
598 3371 861 3444 proprium·
895 3371 962 3425 sit
1000 3372 1051 3424 iu
1089 3370 1215 3443 ipsis
1247 3374 1334 3444 jus
1373 3368 1708 3435 ordinarium:
1751 3387 2075 3439 quaecunque
2109 3369 2182 3421 illi

322 3456 530 3510 ubilibet
567 3469 839 3528 gesserunt
874 3478 936 3521 ,ac
974 3467 1163 3529 gerunt
1191 3459 1307 3528 jure
1345 3457 1608 3528 primatus²
1642 3455 1749 3527 juri
1788 3455 2009 3527 ipsorum
2047 3456 2181 3519 ordi-
