2326 3854
1017 232 1118 268 XXI

167 388 516 443 Jansenianis
561 388 800 460 partibus
844 401 1102 460 perquam
1146 384 1393 455 addicto,
1441 384 1527 456 qui
1575 383 1715 456 quod
1752 382 1964 438 Janse-

166 477 384 528 nianum
429 490 528 547 pus
578 473 808 547 olerent,
855 490 888 525 a
933 473 1292 545 compluribus
1327 467 1632 524 Galliarum
1675 465 1966 543 Episcopis

169 560 403 614 damnati
448 563 587 614 sunt.
678 553 904 612 Certum
950 561 1130 612 autem
1178 561 1290 632 est,
1346 555 1743 610 Defensionem
1792 554 1964 624 illam,

170 647 254 700 cui
299 643 543 700 edendae
588 639 775 697 Gallia
817 646 986 715 typos
1032 660 1161 697 suos
1207 645 1516 698 constanter
1559 642 1819 716 negavit,
1874 640 1966 694 di-

167 730 450 804 vulgatam
495 745 620 783 esse
663 730 814 802 typis
860 730 1104 783 externis
1137 732 1360 783 curante
1383 728 1655 783 Bossueto
1681 726 1966 782 'Pi-ecensi.

166 815 303 870 Jure
346 815 537 870 merito
582 815 737 887 proin
766 813 1122 869 vehementer
1166 815 1466 889 ambigunt,
1511 831 1639 868 num
1682 814 1818 868 liber
1863 814 1966 867 iste

166 900 510 956 Meldensem
551 899 801 955 habuerit
858 905 1136 975 autorem,
1195 917 1264 954 an
1308 901 1488 972 potius
1530 898 1968 955 Jansenistarum

166 982 390 1060 perfidia
434 1004 500 1041 ac
545 983 716 1042 solitis
749 987 949 1041 artibus
981 985 1146 1041 fuerit
1172 985 1550 1059 interpolatus·
1619 983 1776 1054 Quae
1808 1003 1968 1057 quum

166 1075 242 1128 ita
284 1075 412 1148 sint,
457 1074 574 1145 quis
617 1071 854 1145 prudens
899 1073 1194 1147 genuinam
1223 1070 1529 1126 Meldensis
1575 1071 1641 1125 de
1686 1069 1971 1126 Pontificia

168 1160 454 1214 autoritate
499 1157 796 1214 doctrinam
855 1174 928 1212 ex
973 1174 1040 1213 eo
1086 1159 1359 1214 volumine
1420 1152 1777 1230 expiscetur?
1852 1158 1969 1230 quis

167 1261 459 1320 germanas
505 1246 708 1300 autoris
750 1244 1172 1320 lucubrationes,
1218 1261 1373 1319 quaS,
1419 1243 1543 1297 dum
1573 1243 1813 1318 vivebat,
1859 1260 1969 1316 pu-

169 1331 340 1386 blicae
396 1330 504 1385 luci
551 1334 709 1403 atque
755 1330 970 1385 utilitati
1014 1332 1246 1404 ipsemet
1290 1327 1691 1385 consecrandas
1738 1330 1969 1403 curavit,

167 1433 273 1472 non
302 1417 481 1491 potius
512 1416 816 1473 adeundum
847 1433 973 1471 esse
1004 1417 1265 1491 censebit,
1315 1434 1473 1489 quam
1503 1415 1774 1469 crambem
1810 1416 1971 1468 istam

168 1506 554 1578 rejectaneam,
599 1506 756 1559 autor
799 1503 918 1576 ipse
964 1518 1122 1576 quam
1167 1504 1405 1558 tenebris
1450 1502 1687 1557 voluerit
1731 1505 1785 1556 et
1823 1502 1968 1556 obli-

170 1590 330 1644 vione
375 1585 790 1662 consepultam?
865 1586 1056 1661 Itaque
1102 1589 1442 1644 celeberrimi
1487 1585 1793 1641 Galliarum
1837 1584 1967 1640 An-

172 1675 367 1731 tistites
410 1690 545 1747 opus
590 1674 755 1749 illud,
802 1674 999 1749 „quod
1041 1675 1254 1729 nonnisi
1299 1678 1422 1747 post
1465 1674 1667 1729 obitum
1709 1672 1968 1727 Bossueti

172 1760 457 1834 vulgatum
501 1760 607 1830 sit,
652 1760 853 1814 nullius
899 1755 1257 1815 autoritatis“
1317 1775 1442 1815 esse
1495 1757 1863 1834 affirmarunt,
1911 1765 1969 1815 ut

172 1850 360 1918 aperta
401 1845 570 1901 habes
621 1846 791 1900 verba
854 1844 1293 1901 Ruthenensium
1332 1842 1520 1919 EpIsc.
1580 1843 1723 1899 Doc.
1760 1847 1971 1919 pastor.-

171 1935 309 2003 part.
345 1928 389 1985 Ι.
442 1949 493 2004 p.
531 1929 676 1988 375.

296 2014 500 2072 'l'estes
543 2018 730 2091 accipe
778 2021 833 2072 et
877 2013 1227 2073 Cardinalem
1257 2019 1324 2073 de
1371 2017 1546 2072 'Pecin
1592 2022 1646 2073 et
1694 2016 1969 2073 Illustris-

170 2102 363 2158 simum
406 2103 472 2158 de
515 2100 823 2179 Belsunce,
869 2102 1300 2160 Massiliensium
1342 2101 1697 2178 Episcopum,
1744 2121 1971 2177 quorum

169 2189 314 2261 prior
391 2189 445 2243 in
524 2187 787 2244 Mandato
864 2195 1068 2263 pastor.
1145 2191 1270 2246 dato
1350 2190 1438 2245 die
1528 2189 1626 2246 15.
1705 2188 1969 2246 Decemb.

177 2271 358 2331 1755.
441 2269 630 2350 „Cum
671 2273 1019 2352 Meldensis,
1055 2278 1256 2352 inquit,
1316 2277 1442 2332 olim
1485 2274 1732 2332 Antistes
1779 2293 1970 2351 opera,

173 2374 311 2430 quae
353 2360 540 2432 paucis
585 2361 776 2416 abhinc
821 2362 975 2416 annis
1020 2362 1116 2417 sub
1161 2363 1332 2436 ipsius
1375 2363 1589 2417 nomine
1634 2362 1970 2437 prodierunt,

173 2444 399 2498 obscura
441 2461 662 2500 manere
708 2445 1002 2521 diligenter
1045 2449 1338 2520 curaverit,
1375 2451 1504 2518 jure
1539 2448 1730 2503 merito
1769 2449 1970 2503 existi-

171 2543 378 2584 mamus
420 2528 560 2585 haec
591 2529 804 2607 eadem,
850 2532 1031 2605 qualia
1059 2550 1200 2588 nunc
1229 2536 1494 2609 prostant,
1541 2533 1643 2606 ipsi
1675 2534 1794 2588 visa
1824 2533 1966 2589 haud

171 2613 339 2670 fuisse
385 2617 498 2671 suis
541 2619 780 2672 numeris
833 2618 1116 2694 absoluta,
1174 2618 1274 2674 sed
1318 2619 1483 2695 talia,
1543 2636 1682 2692 quae
1726 2619 1969 2676 ultimam

171 2701 270 2755 sibi
312 2718 528 2758 manum
571 2704 770 2776 imponi
815 2705 1148 2779 exigerent.
1174 2744 1190 2760 .
1216 2745 1231 2760 .
1257 2745 1273 2760 .
1321 2722 1390 2761 ea
1435 2721 1673 2781 semper,
1720 2723 1826 2779 qua
1869 2724 1970 2780 par

172 2789 256 2840 est
286 2789 555 2858 aequitate
576 2787 906 2845 Bossuetum
934 2792 1111 2864 ipsum
1139 2792 1349 2867 imitati,
1397 2809 1465 2846 ea
1499 2808 1637 2865 quae
1668 2793 1766 2847 sub
1797 2793 1969 2866 ipsius

173 2871 343 2926 oculis
387 2873 618 2947 vulgata
657 2879 786 2930 ‘sunt
829 2893 1018 2951 opera,
1063 2878 1129 2932 ab
1175 2878 1297 2932 aliis
1343 2894 1559 2951 semper
1597 2893 1969 2953 secernemuS,

172 2972 310 3028 quae
353 2958 568 3030 publica
609 2959 732 3015 luce
775 2961 922 3016 haud
952 2964 1086 3017 satis
1115 2961 1284 3038 digna
1319 2961 1651 3034 judicavit.“
1723 2962 1885 3020 Alter
1915 2966 1969 3018 in

170 3041 400 3098 Docum.
430 3047 636 3117 pastor.
666 3062 799 3120 pag.
822 3047 925 3103 27.
975 3046 1348 3123 „Bossuetum
1379 3067 1446 3106 eo
1477 3048 1748 3126 fidentiuS,
1779 3051 1968 3124 inquit,

173 3128 530 3205 appellamus,
577 3131 718 3203 quod
750 3135 1042 3187 novatores
1087 3134 1157 3190 ad
1198 3151 1416 3190 errores
1462 3153 1592 3190 suos
1638 3134 1967 3190 confirman-

173 3213 270 3268 dos
314 3219 434 3286 eJus
480 3218 768 3273 autoritate
815 3219 960 3273 abuti
1004 3235 1111 3273 non
1156 3221 1328 3274 semel
1372 3222 1774 3277 attentaverint.
1862 3220 1970 3276 Hic

172 3303 257 3354 est
301 3300 542 3357 eruditus
570 3301 840 3375 Antistes,
887 3305 976 3377 qui
1018 3305 1143 3359 illos
1175 3307 1512 3381 expugnabit
1554 3323 1660 3362 non
1704 3308 1758 3361 in
1789 3306 1968 3380 aliquo

174 3401 338 3458 opere
383 3388 666 3461 posthumo
712 3394 836 3463 post
878 3390 1064 3463 plures
1125 3392 1189 3446 ab
1234 3392 1382 3447 illius
1425 3396 1600 3447 morte
1646 3411 1815 3449 annos
1859 3395 1970 3448 im-

175 3486 399 3544 press03
443 3473 542 3529 sed
583 3476 638 3531 in
681 3492 956 3553 sermone,
1003 3493 1160 3550 quem
1204 3478 1437 3552 ipsemet
1466 3496 1651 3536 coram
1679 3495 1970 3541 numeroso
