2326 3854
710 1048 793 1153 Ι
799 1008 915 1152 N
980 1044 1066 1177 D
1131 1040 1253 1149 Ε
1260 1039 1389 1178 Χ

302 1313 305 1316 ⁷
385 1229 766 1316 RERUM
830 1175 1706 1365 MEMORAfflLIUM.

145 1556 344 1618 Abusus
372 1576 610 1628 potestatis.
659 1576 706 1617 V.
740 1575 948 1617 Potestas.

147 1636 328 1676 Africani
359 1637 551 1686 quantum
581 1635 805 1674 detulerint
834 1635 1044 1674 Romanae
1074 1633 1185 1674 sedis
1215 1631 1471 1674 auctoritati.
1513 1625 1584 1674 25
1626 1625 1697 1672 26.
1759 1631 1958 1680 quatenus

205 1695 440 1734 obstiterint
469 1694 736 1744 appellationi
767 1694 942 1745 Apiarii.
976 1687 1075 1732 195.
1106 1687 1208 1732 229.

147 1754 285 1794 Alvari
306 1752 465 1802 Pelagii
495 1753 719 1800 sententia,
752 1764 825 1792 cur
855 1752 1011 1803 ligandi
1041 1755 1229 1803 potestas
1250 1749 1377 1789 Petro
1410 1748 1506 1788 data
1536 1748 1755 1800 separatim
1778 1746 1829 1785 ab
1849 1746 1957 1789 aliis,

205 1813 300 1852 aliis
330 1815 465 1851 autem
496 1811 594 1850 data
624 1823 706 1852 una
737 1822 826 1851 cum
855 1811 996 1855 Petro
1035 1808 1109 1851 20.
1139 1814 1223 1852 not.
1262 1805 1298 1851 1.
1789 1830 1791 1834 ⁴

149 1874 195 1911 S.
227 1871 446 1910 Anselmus
467 1869 671 1909 laudatus.
706 1865 773 1912 19.
804 1873 894 1909 not.
932 1865 968 1912 1.

148 1930 336 1981 Apostoli
365 1928 623 1968 subordinati
655 1932 774 1968 erant
803 1930 848 1971 S.·-
878 1929 1005 1968 Petro
1038 1928 1204 1968 ratione
1230 1879 1444 1978 primatus.
1480 1919 1549 1967 13.
1584 1920 1652 1966 14.
1697 1925 1738 1963 in
1769 1926 1856 1962 not.
1889 1917 1960 1961 21.

206 1983 278 2029 22.
315 1982 414 2027 159.
458 1987 623 2027 fuerunt
653 1991 864 2040 potestate
894 1996 1019 2038 pares
1051 1990 1229 2038 excepto
1256 1986 1434 2037 primatu
1464 1983 1638 2035 'proprio
1678 1984 1804 2023 solius
1833 1983 1961 2024 Petri.

211 2041 309 2087 160.
336 2047 419 2096 quis
442 2056 532 2086 cum
562 2044 762 2097 primatus
790 2047 917 2085 fuerit
946 2055 1028 2084 non
1057 2046 1160 2084 meri
1186 2045 1360 2084 honoris
1389 2054 1462 2083 seu
1480 2043 1772 2089 -ordinisssed
1802 2043 1959 2094 praeci-

208 2116 314 2155 puae
338 2104 657 2154 Jurisdictionis,
678 2107 755 2157 jus·
775 2104 944 2155 aliquod
964 2105 1174 2156 peculiare
1195 2104 1311 2143 Petri
1328 2103 1541 2154 proprium
1561 2102 1961 2152 agnoscendumest,

211 2162 319 2212 quod
349 2163 440 2202 aliis
470 2163 678 2214 Apostolis
710 2174 801 2203 non·
821 2163 1109 2214 competebnt‚
1141 2166 1184 2202 et
1213 2163 1349 2214 quale.
1393 2162 1440 2203 V.
1475 2161 1705 2201 Primatum.

151 2221 437 2272 Apostolorum
465 2225 655 2271 potestas
685 2223 727 2261 in
757 2225 888 2261 totam
917 2218 1152 2262 Ecclesiam
1176 2223 1245 2272 jue
1266 2220 1638 2260 extraordinarium
1658 2219 1749 2267 fuit,
1782 2218 1892 2270 quod
1923 2219 1964 2257 in

209 2278 441 2331 Episcopus
468 2280 651 2330 ipsorum
681 2289 942 2320 successores
969 2290 1064 2319 -non
1095 2280 1301 2320 transivit.
1336 2273 1405 2321 15.
1465 2279 1549 2318 illis
1578 2279 1714 2318 initiis
1745 2288 1875 2328 quam¹
1894 2290 1965 2316 ne-

209 2338 446 2377 cessarium.
477 2333 577 2378 158.
625 2338 762 2390 quoad
791 2340 923 2378 solum
949 2339 1117 2378 Petrum
1147 2339 1226 2377 fuit
1251 2339 1320 2388 jus
1351 2337 1630 2383 ordinarium,
1665 2337 1774 2387 quod
1801 2337 1851 2375 in
1876 2337 1965 2376 Ro-

210 2406 351 2435 manos
381 2394 607 2437 Pontifices
636 2398 752 2437 Petri
782 2408 1046 2437 successores
1075 2392 1271 2439 manavit.
1309 2390 1376 2435 15.
1413 2391 1510 2437 158.
1556 2397 1642 2435 Cur
1671 2396 1774 2434 nulli
1803 2407 1966 2434 succes-

211 2455 296 2493 sori
323 2455 498 2494 aliorum
519 2456 805 2508 Apostolorum
828 2458 898 2508 jus
927 2452 1134 2507 cmopetat
1165 2467 1290 2507 supra
1315 2455 1418 2495 alios
1437 2454 1671 2506 Episcopos
1693 2456 1787 2504 jure
1810 2454 1964 2496 divino.

212 2514 290 2552 soli
328 2516 466 2553 autem
505 2514 690 2555 Romano
723 2514 915 2555 Pontifici
947 2517 1176 2567 competat.
1226 2509 1288 2556 15.
1365 2514 1460 2553 Non
1500 2514 1634 2553 omnia
1678 2514 1967 2565 Apostolorum

211 2576 434 2623 praecepta
463 2577 557 2613 sunt
588 2573 715 2613 divini
740 2574 859 2624 juris
880 2567 992 2616 155.

154 2631 265 2670 Aviti
296 2630 542 2671 Viennensis
563 2633 851 2673 testimonium
881 2633 923 2671 in
957 2643 1083 2671 causa
1113 2631 1360 2682 Symmachi.
1393 2626 1466 2671 75.

155 2691 200 2731 S.
232 2689 447 2739 Augustini
482 2690 573 2730 loca
603 2692 821 2743 explicata.
852 2688 903 2744 (8
935 2694 976 2730 et
1013 2686 1079 2732 10.
1111 2694 1196 2730 not.
1233 2686 1295 2742 l.)
1331 2686 1428 2730 171.
1462 2694 1550 2733 not.
1587 2687 1624 2732 l.

157 2826 202 2864 S.
244 2804 512 2866 uernat-dus
542 2817 756 2868 laudatus.
776 2789 855 2870 45
876 2822 957 2869 47.
989 2815 1077 2870 not.
1099 2823 1146 2869 1
1183 2820 1283 2867 178.

156 2882 360 2923 Bonisacii
389 2884 494 2925 VIII.
535 2883 771 2925 dissidium
784 2885 841 2924 et
858 2888 980 2936 gesta
1017 2884 1220 2937 quaedam
1257 2882 1455 2927 indicata.
1495 2880 1565 2928 82.
1606 2880 1680 2924 In
1715 2897 1764 2924 eo
1806 2885 1969 2924 fuerunt

217 2949 359 2994 sparsa
389 2943 560 2990 semina,
593 2954 645 2983 ex
676 2940 820 2995 qulbus
850 2943 1027 2984 schisma
1058 2944 1259 2995 originem
1290 2942 1420 2986 duxit.
1451 2932 1523 2985 63.
1556 2947 1640 2986 not.
1669 2940 1710 2986 l.'
1769 2944 1868 2983 Inde
1899 2956 1969 2984 ex—

217 3003 335 3040 ortae
367 3001 565 3052 quaedam
596 3001 812 3054 opiniones
843 3005 1007 3042 contra
1022 3003 1299 3053 Apostolicam
1330 3003 1634 3045 auctoritatem.
1682 3003 1785 3045 Ibid.

158 3059 383 3099 Bossuetus
414 3059 616 3101 laudatus.
655 3054 729 3099 20.
769 3055 839 3102 31.
881 3058 953 3103 44.
999 3057 1096 3104 102,
1142 3056 1241 3101 109.
1310 3061 1503 3102 Bossueti
1534 3062 1627 3102 loca
1658 3062 1856 3103 discussa.
1896 3058 1967 3102 41.

216 3111 288 3158 51.
322 3113 764 3162 52.68.104.117.
800 3113 898 3159 118.

163 3230 335 3301 Canon
351 3256 401 3298 Si
417 3257 540 3309 Papa
571 3257 679 3308 apud
696 3239 938 3299 Gratianum
969 3270 1106 3299 casum
1135 3257 1445 3310 hypotheticum
1474 3241 1593 3310 ponit
1624 3227 1676 3298 de
1708 3270 1847 3298 errore
1865 3259 1971 3298 Pon-

222 3314 346 3354 tificis
377 3316 486 3355 circa
517 3315 648 3358 fidem.
686 3311 782 3358 125.

162 3377 324 3415 Causae
353 3375 527 3424 majores
554 3379 793 3417 reservatae
824 3376 914 3416 sedi
945 3345 1225 3427 Apostolicae.
1257 3371 1358 3416 233.
1392 3371 1494 3418 234.

165 3434 375 3474 censurae
403 3432 593 3483 injustae.
609 3446 660 3474 ex
691 3435 923 3486 Augustino
952 3435 1042 3488 plus
1074 3434 1222 3475 obsunt
1253 3435 1315 3484 ei,
1358 3435 1427 3485 qui
1458 3447 1529 3474 eas
1560 3435 1660 3482 fert,
1703 3446 1821 3486 quam
1852 3437 1890 3475 ei
1930 3436 1971 3474 in

224 3503 340 3543 quem
369 3491 568 3535 feruntur.
585 3487 699 3536 193.
