2326 3854
725 193 1326 248 ffl21*

123 363 273 414 dicem
309 360 512 413 unitatis
551 359 816 412 catholicae
854 358 1047 409 ratione
1083 356 1322 427 primatus
1359 355 1505 409 situm
1545 373 1655 407 esse
1692 358 1742 407 in
1770 356 1924 409 Petro

123 455 174 498 et
229 444 597 498 successoribus
653 444 787 512 ejuS‚
839 453 893 494 ut
946 442 1111 494 unitas
1167 450 1392 495 servetur
1446 441 1506 492 ab
1569 440 1820 507 omnib11S‚
1876 453 1926 493 et

122 530 435 583 schismatum
490 546 548 581 ac
613 525 972 578 dissensionum
1040 527 1237 579 occasio
1301 526 1562 578 eorundem
1630 525 1926 578 auctoritate

125 616 392 667 auferatur.
473 611 658 664 Nonne
718 608 763 660 si
798 610 1009 681 (quidam
1058 607 1292 681 Episcopi
1341 619 1513 663 contra
1570 612 1697 663 istos
1748 610 1925 679 aliquid

121 698 409 755 molirentur
444 706 494 748 et
527 695 780 759 auderent,
819 703 992 764 aperta
1017 694 1344 756 scissurarum
1372 711 1521 747 causa
1547 706 1722 748 contra
1745 696 1926 747 bonum

121 781 324 834 unitatis
354 779 612 851 prodiret?
686 775 813 843 Quis
861 778 913 829 in
962 778 1054 831 hoc
1099 779 1326 831 conflictu
1362 780 1659 849 praevalere
1697 781 1925 833 dicendus

122 867 285 922 esset?
327 882 493 918 nonne
528 863 636 927 ille,
676 862 753 923 cui
788 862 1112 916 vindicandae
1147 863 1352 915 unitatis
1390 882 1508 916 cura
1537 867 1653 934 jure
1688 865 1925 935 primatus

118 950 208 1016 suit
244 968 274 1001 a
309 947 512 1004 Christo
563 948 824 1001 commissa
867 966 974 1000 cum
1019 956 1269 1018 potestate
1318 950 1379 1000 ad
1422 947 1579 1019 ipsum
1618 950 1761 1001 finem
1800 949 1926 1002 obti-

117 1034 326 1087 nendum
362 1034 571 1086 idonea?
646 1042 700 1084 ut
736 1050 805 1084 ex
853 1033 1248 1089 adversariorum
1298 1051 1542 1085 consensu
1588 1033 1795 1102 probavi
1844 1034 1923 1085 lib.

118 1121 203 1171 De
239 1124 295 1172 vi
327 1127 378 1171 et
411 1123 616 1171 ratione
646 1122 911 1185 primatus
949 1135 990 1169 c.
1030 1118 1082 1169 9.
1155 1116 1354 1167 Irritum
1392 1135 1513 1186 ergo
1552 1126 1599 1168 et
1637 1116 1787 1168 inane
1813 1136 1925 1185 esse

117 1204 334 1267 deberet,
371 1188 596 1271 quidquid
633 1201 715 1254 alii
742 1200 978 1272 Episcopi
1014 1210 1188 1254 contra
1227 1200 1354 1253 hanc
1379 1201 1617 1253 unitatem
1643 1209 1922 1267 tentarent3

116 1289 293 1357 illaque
332 1297 521 1339 tantum
557 1297 686 1351 rata,
725 1287 898 1356 quihus
927 1288 1011 1357 jus
1050 1304 1190 1358 suum
1214 1295 1471 1357 *exercent
1507 1286 1559 1338 in
1595 1286 1787 1340 unitate
1813 1304 1920 1340 cum

117 1371 271 1426 Petro
309 1381 359 1425 et
393 1364 760 1426 successoribus
798 1370 959 1425 Petri.

937 1530 983 1597 ἓ.
1023 1529 1091 1584 v.

115 1628 427 1683 Edi-scoparum
450 1631 708 1681 jurisdictio,
740 1633 836 1672 licet
865 1632 923 1672 sit
950 1632 1237 1672 institutionis
1267 1632 1461 1680 divinae,
1492 1634 1636 1673 subest
1667 1628 1806 1673 tamen
1830 1633 1923 1681 juri

120 1691 407 1731 Romanorum
438 1688 712 1759 fontaneam,
743 1692 806 1731 ita
835 1693 885 1730 ut
914 1689 1196 1742 Episcopales
1225 1691 1396 1731 illorum
1417 1692 1650 1741 facultates
1690 1692 1737 1731 in
1768 1694 1920 1732 bonum

116 1748 329 1790 Ecclesiae
356 1746 524 1800 possint
555 1750 605 1789 ab
636 1749 732 1789 istis
761 1749 940 1790 limitari
969 1751 1010 1789 et
1037 1749 1243 1800 restringi
1273 1750 1415 1836 quoad
1443 1761 1568 1789 usum
1598 1753 1638 1790 et
1658 1751 1918 1793 exercitium

113 1923 294 1985 tificum
351 1950 498 2004 supra
554 1932 688 2003 ipsos
722 1867 1010 2004 Episcopos
1068 1932 1120 1984 in
1179 1933 1360 1985 bonum
1415 1934 1619 1986 unitatis
1664 1932 1920 1986 Ecclesiae

114 2013 380 2070 catholicae
415 2017 631 2070 dimanat
665 2017 748 2069 illa
785 2035 901 2088 supi
904 2035 1011 2069 ema
1046 2027 1267 2088 potestas
1305 2028 1356 2071 et
1379 2018 1629 2089 plenitudo
1654 2018 1918 2089 potestatis

112 2087 493 2154 Ecclesiasticae
527 2101 698 2154 iisdem
736 2100 1059 2155 Pontificibus
1096 2102 1282 2156 tributa
1319 2123 1348 2157 a
1386 2102 1482 2157 SS.
1510 2102 1746 2156 Patribus
1772 2112 1918 2172 atque

114 2183 368 2250 ConciliiS‚
405 2187 466 2239 ob
504 2205 648 2256 quam
684 2185 1038 2258 Episcoporum
1068 2188 1367 2258 jurisdictio,
1405 2189 1609 2242 tametsi
1645 2188 1917 2241 institutio-

113 2270 190 2322 nis
226 2270 419 2325 divinae
441 2270 514 2338 ¹),
562 2271 634 2323 ita
682 2273 852 2325 subest
887 2272 1222 2343 jurisdictioni
1268 2291 1565 2326 summorum
1603 2272 1916 2338 Pontificum,

239 2427 272 2482 ¹)
302 2431 419 2470 Haec
448 2443 686 2471 summorum
717 2432 960 2471 Pontificum
990 2434 1177 2483 potestas
1207 2445 1294 2473 eam
1334 2431 1708 2473 subordinationem
1739 2433 1917 2484 ipsorum

112 2489 410 2540 Episcoporum
441 2491 636 2540 requirit,
679 2502 758 2540 qua
788 2491 1004 2529 inferiores
1036 2493 1131 2541 Jure
1173 2492 1312 2531 divino
1351 2504 1401 2530 ac
1432 2492 1610 2531 naturali
1639 2492 1917 2542 superioribus

114 2548 397 2598 subjiciuntur.
459 2550 557 2588 Cum
590 2549 695 2587 enim
725 2550 834 2588 Deus
867 2549 921 2587 sit
952 2550 1063 2588 Deus
1105 2550 1284 2600 ordinis,
1327 2551 1511 2589 ordinem
1539 2552 1647 2589 inter
1677 2551 1915 2589 Potestates

113 2602 283 2645 omnino⁴
305 2606 548 2645 servandum
579 2608 804 2646 constituit.
867 2606 978 2646 Ordo
1010 2611 1144 2647 autem
1176 2608 1372 2647 naturalis
1402 2609 1564 2651 omnino
1596 2609 1744 2659 exigit,
1776 2613 1823 2648 ut
1854 2610 1913 2647 in-

112 2665 284 2703 feriores
315 2666 398 2704 sint
428 2666 709 2715 superioribus
740 2666 995 2706 subordinati
1027 2669 1153 2718 atque
1175 2667 1348 2721 subiecti
1372 2669 1494 2717 Juxta
1514 2667 1613 2706 illud
1643 2668 1854 2718 Petri-ep.
1874 2669 1912 2709 1.

114 2735 150 2760 c.
165 2723 208 2760 2.
233 2734 272 2760 v.
291 2723 360 2764 13.
396 2722 727 2772 Subjectiigitur
743 2727 869 2764 estote
881 2724 997 2764 omni
1006 2724 1215 2767 humanae
1238 2728 1456 2766 creaturae
1473 2729 1651 2776 propter
1663 2726 1912 2775 Deum,s1·oe

124 2780 228 2828 Regi
240 2781 363 2829 quasi
383 2783 665 2829 praecellenti,
685 2784 773 2822 sive
784 2783 972 2823 Ducibus
983 2786 1073 2824 ete.
1088 2795 1164 2822 nec
1187 2795 1267 2830 non
1285 2796 1333 2823 ex
1350 2784 1431 2823 illis
1444 2785 1562 2824 Pauli
1578 2784 1631 2823 ad
1649 2785 1855 2824 Romanos
1877 2799 1911 2823 c.

66 2844 69 2847 ’
117 2837 185 2880 13.
206 2848 242 2878 v.
261 2837 301 2885 1.
339 2836 498 2878 Omnis
511 2840 656 2879 anima
685 2840 966 2883 Potestatibus
999 2841 1031 2879 S
1042 2841 1404 2882 UBLIMIORIB
1415 2843 1486 2882 US
1513 2843 1687 2884 subdita
1715 2843 1796 2891 sit,·
1828 2855 1913 2882 vnon

115 2897 176 2934 est
197 2896 307 2935 enim
330 2895 518 2936 Potestas
544 2897 629 2936 wisi
649 2910 675 2946 a
700 2898 808 2938 Deo.-
842 2911 950 2950 quae
973 2903 1112 2942 autem
1132 2905 1244 2947 sunt,
1262 2914 1287 2940 a
1310 2900 1396 2941 Deo
1424 2900 1778 2948 ORDINATAE
1796 2905 1910 2941 sunt

113 2953 179 2992 En
209 2953 398 2992 ordinem
428 2954 533 2992 inter
563 2955 796 2994 Potestates
826 2969 850 2995 a
880 2958 968 2996 Deo
1000 2958 1061 2996 ita
1092 2958 1346 3009 dispositum,
1379 2963 1425 2998 ut
1455 2960 1671 2999 inferiores
1701 2963 1914 3010 quantum-

114 3011 175 3050 vis
205 3014 412 3063 potestate
441 3007 578 3062 aliqua
608 3014 796 3065 praediti,
823 3016 1140 3056 sublimioribus
1170 3017 1252 3056 sint
1283 3018 1540 3056 subordinati
1563 3022 1694 3068 atque
1724 3019 1912 3068 subjecti,

113 3069 234 3117 Vide,
256 3082 380 3121 quae
423 3072 543 3110 attuli
581 3083 704 3122 supra
739 3075 824 3113 not.
857 3073 900 3112 5.
932 3074 999 3112 ubi
1039 3071 1170 3125 ipsum
1199 3076 1242 3114 S.
1273 3076 1443 3115 Paulum
1472 3076 1598 3129 Petro
1629 3077 1914 3143 Apostolorum

113 3128 288 3179 principi
318 3129 458 3178 aliqua
488 3130 649 3169 ratione
689 3130 992 3170 subordinatum
1024 3133 1208 3178 ostenda
1256 3136 1298 3171 et
1324 3134 1468 3172 confer
1505 3146 1610 3182 quae
1639 3133 1843 3172 addentur
1873 3135 1913 3173 in

127 3185 325 3227 vindiciis
365 3199 402 3226 c.
433 3188 478 3225 2.
517 3199 558 3227 n.
589 3188 631 3228 3.
663 3192 705 3227 et
737 3201 847 3239 seqq.
919 3189 1030 3228 Hinc
1059 3191 1182 3228 inane
1220 3201 1388 3241 prorsus
1417 3191 1655 3240 agnoscitur
1682 3191 1781 3230 illud
1815 3204 1913 3231 non-

114 3242 621 3298 nullorumpargumentum
651 3259 726 3297 pro
758 3247 980 3286 asserenda
1010 3248 1259 3298 aequalitate
1285 3249 1391 3298 juris
1420 3249 1706 3299 Apostolorum
1739 3254 1780 3290 et
1812 3248 1913 3301 Epi-

114 3313 327 3356 scoporum
357 3315 444 3342 cum
475 3304 519 3343 S.
553 3305 678 3344 Petro
710 3309 753 3344 et
783 3307 1087 3345 successoribus
1119 3306 1231 3345 Petri
1263 3306 1426 3346 ductum
1458 3319 1509 3346 ex
1538 3308 1619 3346 illis
1648 3307 1802 3348 Christi
1826 3321 1912 3347 ver-

115 3359 177 3398 bis
207 3361 267 3399 ad.
288 3361 505 3411 Apostolos
534 3364 651 3402 Joan.
684 3377 720 3402 c.
751 3364 826 3403 20.
857 3375 897 3403 V.
927 3365 1000 3403 21.
1061 3365 1185 3404 Sicut
1216 3366 1423 3404 misitme
1453 3365 1591 3412 Pater,
1625 3370 1664 3406 et
1694 3378 1768 3416 ego
1790 3368 1909 3407 mitto

116 3429 207 3457 vos:
238 3419 352 3468 quasi
374 3420 558 3471 Apostoli
589 3427 806 3474 eorumque
836 3434 1096 3463 successores
1119 3423 1312 3475 Episcopi
1342 3425 1403 3464 ita
1431 3425 1521 3464 sine
1547 3424 1628 3464 ulla
1649 3426 1911 3474 restrictione
