2326 3854
868 123 1534 180 ——244—

331 296 568 349 Ecclesiae,
602 297 663 336 ita
694 300 739 337 ut
769 299 923 338 Petrus
954 301 998 337 et
1029 296 1222 348 Apostoli
1256 296 1369 336 illam
1399 296 1642 348 acceperint
1672 296 1725 336 ab
1756 295 1965 340 Ecclesia.
1996 294 2039 341 8.
2081 300 2126 341 V,

335 357 485 399 claves
514 355 751 398 Ecclesiae.
813 358 881 398 Ea
911 357 1154 408 Jurisdictio
1186 356 1314 396 Petro
1355 358 1400 396 et
1430 355 1642 407 Apostolis
1682 356 1925 398 immediate
1964 358 2129 410 collata,

331 429 416 459 non
448 417 630 458 debebat
660 429 752 456 cum
783 419 887 469 ipsis
919 418 1116 471 interire,
1149 417 1226 457 sed
1257 416 1313 456 ad
1345 427 1489 456 eorum
1520 428 1787 457 successores
1819 416 2015 459 transire.
2059 413 2127 460 10,

271 480 342 520 Jus
372 480 575 530 primatus
608 476 821 517 Pontificii
853 478 896 517 in
928 482 1061 519 totam
1079 476 1318 519 Ecclesiam
1342 478 1533 528 junctum
1564 480 1630 517 est
1661 490 1751 518 cum
1771 477 2062 519 Patriarchico
2087 478 2130 516 in

334 539 621 580 Occidentem.
654 531 756 580 233,

271 602 342 641 Jus
371 600 558 653 spurium
590 597 799 649 quodnam
830 598 1076 646 dicendum,
1116 600 1160 637 et
1191 596 1303 649 quod
1334 596 1560 648 genuinum
1590 597 1633 636 in
1663 596 1841 638 materia
1871 596 2131 648 disciplinae.

331 672 440 712 quae
471 658 683 699 mutabilis
717 662 796 699 est.
833 653 930 702 191.
977 659 1075 699 Non
1103 657 1380 699 damnandum
1404 658 1475 708 jus
1495 657 1746 710 posterioris
1767 657 1935 705 aetatis,
1968 657 2131 697 etiamsi

332 731 386 761 ex
417 718 671 771 apocryphis
701 719 964 762 invaluisset.
1000 714 1101 762 192.
1159 719 1376 762 Quatenus
1402 719 1472 769 jus
1494 731 1646 758 novum
1677 718 1812 770 possit
1841 717 2133 787 praescribere

330 784 479 820 contra
501 781 573 831 Jus
607 782 740 822 vetus.
778 775 879 854 193.
939 777 1291 831 Distinguendum
1314 779 1385 830 jus
1417 790 1570 819 novum
1599 791 1628 819 a
1658 779 1758 819 novi
1782 779 1893 830 juris
1922 778 2132 820 abusibus.

339 835 441 882 192.

270 959 561 1032 Legislator
574 992 790 1033 supremus
824 992 905 1032 quo
938 991 1062 1020 sensu
1095 980 1248 1021 debeat
1279 991 1376 1021 suas
1407 979 1524 1031 leges
1554 980 1709 1031 primus
1741 991 1926 1020 servare.
1960 976 2046 1024 44.-

268 1042 430 1093 Legum
462 1043 526 1082 vis
558 1052 641 1081 non
673 1040 829 1094 pendet
860 1054 886 1080 a
916 1041 1179 1082 subditorum
1211 1052 1433 1083 consensu.
1471 1033 1568 1082 155

272 1103 315 1145 S.
350 1102 440 1142 Leo
474 1101 529 1144 Μ.
564 1101 768 1144 laudatus.
806 1097 873 1144 18.
938 1103 1069 1147 Quam
1101 1101 1209 1142 male
1240 1100 1519 1155 reprehensus
1551 1113 1578 1140 a
1605 1098 1833 1143 Febronio.
1866 1042 1966 1144 229.

271 1246 420 1285 Petrus
452 1241 506 1284 de
537 1222 741 1285 marca
772 1243 981 1287 laudatus.
1013 1238 1085 1286 29.

269 1305 508 1345 Marcianus
547 1305 780 1356 Imperator
818 1315 892 1343 cur
936 1315 962 1343 a
1002 1303 1046 1346 S.
1077 1303 1225 1344 Leone
1265 1301 1439 1354 petierit
1481 1301 1840 1343 confirmationem
1881 1302 2138 1346 definitionis

329 1363 714 1418 Chalcedonensis,
746 1362 807 1404 uti
841 1364 1118 1404 necessariam
1152 1362 1207 1402 ad
1237 1362 1466 1403 tollendum
1500 1374 1622 1413 omne
1655 1362 1838 1406 dubium.
1885 1360 1955 1407 41.
1991 1368 2076 1408 not.
2099 1361 2136 1408 l.

268 1425 478 1466 Martinus
493 1425 540 1467 V.
574 1436 690 1470 num,
724 1428 767 1464 et
799 1427 1002 1476 quatenus
1033 1423 1334 1476 approbaverit
1364 1423 1686 1464 constantiense
1719 1424 1956 1468 concilium.
1993 1421 2091 1469 101.

270 1485 582 1526 Monarchicum
614 1485 799 1536 regimen
842 1484 1051 1536 quodnam
1088 1487 1298 1536 repugnet
1339 1483 1471 1523 statui
1501 1483 1748 1532 Ecclesiae,
1796 1496 1915 1536 quem
1944 1484 2138 1526 Christus

335 1545 538 1588 instituit.
586 1538 684 1588 174.
747 1546 937 1585 Instituit
968 1548 1109 1585 autem
1140 1544 1330 1585 Christus
1363 1545 1550 1596 regimen
1582 1543 1755 1585 mixtum
1788 1554 1841 1585 ex
1871 1545 2138 1586 monarchico

333 1610 376 1647 et
408 1607 722 1649 aristocraticO.
760 1600 859 1649 176.
907 1606 1004 1646 Non
1028 1606 1162 1646 omnis
1184 1604 1424 1646 monarchia
1446 1604 1709 1645 excludenda
1728 1604 1780 1646 ab
1795 1603 2003 1650 Ecclesia.
2042 1603 2138 1650 191.

271 1736 553 1801 Necessitas
584 1761 761 1813 remedii
793 1773 877 1803 non
911 1761 985 1802 dat
1009 1762 1081 1813 jus
1114 1760 1179 1814 ei,
1220 1761 1288 1802 cui
1319 1760 1490 1805 aliunde
1523 1773 1608 1806 non
1643 1761 1858 1814 competit.
1905 1755 2004 1805 118.
2067 1761 2138 1803 Di-

334 1821 508 1862 stinctio
542 1820 654 1861 inter
686 1834 811 1862 casus
844 1822 1209 1863 extraordinarios
1241 1825 1285 1862 et
1316 1820 1556 1863 ordinarios
1587 1823 1760 1873 rejecta.
1800 1816 1897 1864 118.

272 1883 463 1923 Nicaena
495 1881 692 1933 Syuodus
723 1883 936 1935 generalis
966 1883 997 1927 Ι.
1036 1882 1307 1923 Pontificiam
1337 1883 1640 1923 auctoritatem
1672 1882 1715 1922 in
1749 1894 1891 1923 omues
1922 1881 2141 1925 Ecclesia·

335 1940 525 1993 agnovit.
557 1938 630 1985 61.
663 1946 752 1985 not.
782 1939 818 1987 l.

273 2004 466 2044 Nicaena
499 2004 709 2057 generalis
729 2004 780 2048 11.
815 2003 995 2048 affirmat
1023 2004 1160 2056 legem
1192 2002 1466 2044 conciliorum
1499 1993 1604 2051 esse,
1638 2013 1690 2042 ne
1714 2005 1810 2042 rata
1840 2001 1928 2043 sint
1956 1986 2140 2056 synodo-

335 2075 428 2103 rum
457 2063 716 2114 generalium
749 2063 946 2109 decreta,
982 2076 1088 2116 quae
1122 2067 1268 2103 carent
1298 2064 1557 2103 auctoritate
1589 2061 1830 2105 Pontificia.
1866 2057 1937 2107 41.

274 2125 319 2168 S.
351 2122 519 2221 Nicpilai
549 2122 907 2223 J7.6testimonium
947 2123 1000 2164 de
1033 2123 1211 2175 judiciis
1243 2115 1503 2177 Apostolicis
1541 2123 1594 2163 ab
1637 2122 1850 2170 inferiore·
1880 2136 1964 2164 non
2005 2127 2140 2164 retra-

338 2187 435 2224 ctan
469 2182 516 2226 is.
611 2214 622 2223 .

274 2243 467 2285 Nicolius
495 2242 710 2287 laudatus.
747 2238 819 2287 20.

272 2304 456 2344 Novitas
498 2304 542 2343 in
581 2304 758 2344 materia
800 2303 1074 2358 disciplinae,
1123 2303 1407 2357 quandovim
1439 2304 1550 2356 juris
1590 2305 1810 2356 acquirere
1840 2304 1991 2358 possit.
2043 2299 2140 2349 196.

337 2362 513 2408 Quando
547 2367 589 2404 et
623 2364 830 2416 quomodo
864 2365 1048 2405 novitati
1079 2365 1290 2405 obsistere
1323 2364 1462 2408 liceat.
1494 2364 1570 2408 Ibi.

276 2424 460 2464 Novitas
493 2424 732 2464 sententiae
764 2426 807 2464 in
837 2426 1018 2466 materia
1049 2424 1149 2466 fidei
1183 2428 1249 2465 est
1283 2425 1440 2466 erroris
1470 2428 1586 2468 nota..
1618 2419 1691 2467 66,

277 2554 571 2620 obedientia
600 2577 887 2629 superioribus
916 2551 1182 2630 praestanda.
1215 2570 1318 2620 205.
1370 2576 1480 2622 Quid
1512 2578 1555 2618 iu
1580 2576 1724 2624 dubio,
1755 2588 1852 2619 num
1884 2578 1996 2630 quod
2020 2591 2142 2631 prae·

337 2637 495 2689 cipitur
525 2637 771 2679 liceat.1bi
801 2642 890 2680 not.
920 2633 959 2681 l.
1028 2639 1092 2680 De
1123 2638 1368 2679 obedientia
1398 2637 1657 2691 praestanda
1692 2636 2008 2679 definitionibus
2039 2637 2139 2678 fidei

340 2697 467 2737 editis
497 2709 524 2737 a
554 2695 657 2736 sede
688 2697 1054 2749 Apostolica.1bi.

278 2757 556 2798 Obedientiae
586 2756 819 2798 subtractio
851 2769 879 2798 a
908 2755 1132 2800 Pontifice.
1167 2731 1240 2801 83.
1271 2760 1359 2801 not.
1382 2753 1421 2800 l.
1453 2750 1557 2800 208.

279 2877 434 2952 Papa
463 2911 561 2940 num
593 2901 636 2939 et
669 2901 876 2955 quatenus
908 2900 1044 2951 possit
1070 2898 1163 2939 fieri
1193 2897 1494 2943 schismaticus.
1530 2895 1630 2944 133.
1661 2900 1729 2941 vel
1750 2899 2006 2944 haereticus.
2041 2895 2140 2947 124.

279 2960 483 3003 Petavius
514 2959 724 3001 laudatus.
762 2954 830 3001 11.

278 3023 430 3063 Petrus
463 3019 516 3059 de
547 3020 646 3060 luna
687 3019 731 3059 in
763 3018 989 3059 schismate
1020 3016 1158 3059 dictus
1189 3018 1448 3060 Benedictus
1478 3019 1590 3063 xm.
1633 3031 1709 3063 cur
1747 3020 1790 3060 in
1822 3019 2139 3061 constantiensi

338 3081 559 3122 damnatus
590 3080 670 3120 fuit
697 3083 898 3131 tanquam
929 3080 1170 3121 haereticus
1203 3082 1330 3131 atque
1361 3080 1668 3124 schismaticus.
1704 3076 1802 3123 132.
1839 3075 1936 3123 134.

281 3143 325 3185 S.
358 3143 512 3182 Petrus
553 3153 680 3193 super
723 3152 865 3180 omnes
907 3153 932 3180 a
972 3140 1141 3181 Christo
1182 3140 1451 3193 praepositus
1491 3141 1586 3181 sine
1614 3140 1885 3182 restrictione
1912 3141 2019 3181 ulla.
2068 3135 2139 3183 44.

341 3201 685 3243 Jurisdictionem
716 3200 973 3253 peculiarem
1002 3212 1128 3254 super
1157 3201 1275 3254 ipsos
1305 3200 1532 3253 Apostolos
1559 3200 1710 3242 habuit
1739 3201 1907 3241 ratione
1936 3200 2140 3253 primatus

343 3262 570 3365 a2Chlristo
602 3262 825 3310 traditam,
867 3273 955 3303 non
987 3265 1207 3314 acceptam
1244 3261 1298 3302 ab
1330 3261 1538 3305 Ecclesia.
1577 3257 1621 3304 8.
1675 3272 1879 3314 quaenam
1910 3261 2015 3302 haec
2045 3261 2138 3303 fuit.

349 3319 369 3361 l
483 3318 509 3362 3
557 3325 601 3362 et
633 3335 747 3374 seqq.

283 3383 438 3422 Pisana
469 3382 653 3434 synodus
691 3395 767 3424 cur
797 3381 1008 3434 generalis
1040 3382 1212 3423 concilii
1243 3381 1506 3422 auctoritate
1533 3382 1693 3423 careat.
1735 3376 1809 3424 91.
1880 3381 1986 3434 EJus
2015 3383 2142 3432 gesta

345 3443 734 3544 ‹ll'uatenus9gbsint
765 3443 1026 3505 sententiae,
1075 3454 1182 3496 quae
1211 3442 1362 3483 tribuit
1393 3443 1466 3493 jus
1493 3440 1768 3483 conciliorum
1808 3442 2066 3504 generalium
2097 3441 2140 3481 iu

384 3514 502 3555 apam
