2326 3854
648 222 1294 278 —141—

76 389 479 448 Constantiensia
527 389 801 442 sessionum
836 387 927 443 IV.
976 397 1025 440 et
1060 385 1128 440 V.
1176 385 1234 438 de
1268 380 1525 455 ⁴potestate
1573 387 1873 455 synodorum

74 494 222 547 supra
258 474 447 546 Papam
485 484 622 526 certa
657 473 951 526 auctoritate
988 480 1181 536 carent,
1219 487 1326 523 cum
1363 485 1432 521 ex
1469 469 1660 522 defectu
1696 472 1873 522 confir-

74 561 304 614 mationis
328 559 647 630 Apostolicae
680 558 979 611 oecumenici
1018 555 1209 610 concilii
1243 554 1344 609 vim
1381 571 1482 606 non
1517 540 1748 619 habeant,
1786 572 1874 607 ne-

73 665 167 716 que
213 645 342 699 edita
388 640 573 695 fuerint
617 653 858 712 tanquam
887 642 1067 711 dogma
1101 639 1238 707 fidei,
1275 639 1361 692 sed
1396 638 1550 694 veluti
1587 639 1875 692 constitutio

73 729 327 801 synodalis
364 745 434 781 ex
470 727 727 798 opinione,
767 744 899 796 quae
934 725 987 777 in
1022 724 1120 778 illis
1157 723 1541 778 circumstantiis
1577 723 1876 795 probabilior

71 815 181 869 visa
206 823 312 878 est,
350 812 461 865 aliis
484 813 641 865 'aliter
677 811 825 864 etiam
859 810 913 863 in
951 807 1357 875 Constantiensi,
1396 819 1447 862 et
1482 810 1633 862 multo
1658 809 1876 880 pluribus

71 902 244 972 'postea
266 899 421 951 libere
446 906 496 950 et
518 895 649 949 licite
675 895 1006 967 opinantibUS‚
1033 896 1117 965 qui
1143 895 1202 948 ab
1227 895 1351 966 ipsis
1377 894 1677 949 adversariis
1702 895 1878 948 haere-

64 985 155 1038 tici
191 975 346 1036 habiti
380 986 481 1034 non
518 983 650 1045 s'unt,
687 999 791 1034 nec·
814 980 896 1034 vel
930 980 1072 1033 hodie
1109 980 1368 1034 habentur„
1415 978 1877 1051 Facta-'depositio-

73 1088 185 1122 num
212 1070 264 1121 in
290 1068 480 1120 Pisano
506 1085 592 1119 cur
612 1066 733 1119 nihil
753 1064 1033 1119 contrariae
1055 1065 1342 1119 sententiae
1369 1065 1579 1136 prosint,
1603 1064 1878 1136 sed-potius

72 1155 252 1219 obsint,
289 1152 542 1222 intelligesv
572 1169 657 1205 ex:
679 1169 784 1222 cap.
823 1150 876 1203 6.
931 1148 1206 1220 Depositiol
1229 1155 1393 1203 autem
1430 1149 1640 1203 Joannis
1677 1149 1875 1202 XXIII.

71 1241 122 1291 in
161 1237 540 1301 Constantien'si
582 1225 729 1301 facta
763 1235 871 1289 euin
913 1241 1130 1287 assensu
1168 1234 1414 1306 ejusdem,
1445 1234 1543 1304 “qui
1592 1244 1645 1287 et
1676 1235 1792 1287 ante
1829 1245 1880 1288 et

72 1335 183 1395 post
221 1325 376 1378 eidem
395 1322 691 1376 svoluntarie
729 1319 906 1391 cessit,
944 1320 1005 1371 ad
1036 1321 1119 1389 jus
1157 1318 1430 1373 coactivum
1473 1319 1664 1373 concilii
1700 1320 1880 1373 referri

73 1408 257 1478 nequit.
354 1407 614 1479 Depositio
668 1404 925 1459 Benedicti
960 1402 1099 1456 XIII:
1148 1402 1231 1472 qui
1259 1405 1365 1474 jam
1403 1404 1627 1457 desertus
1664 1406 1814 1458 etiam
1850 1424 1879 1459 a

71 1493 192 1561 suis,
230 1488 292 1546 et'
315 1493 376 1545 ab
411 1491 681 1547 universali
717 1488 947 1544 Ecclesia
984 1506 1053 1542 ex
1078 1487 1303 1541 omnibus
1339 1489 1629 1542 obedientiis
1665 1490 1717 1542 in
1744 1489 1879 1544 Con-

74 1577 336 1630 stantiensi
364 1577 589 1629 adunatis
615 1585 891 1650 separatim,
916 1593 946 1627 a
970 1567 1288 1638 PontificatU,
1327 1573 1370 1626 si
1397 1593 1540 1643 quem
1565 1575 1878 1643 obtinuisset,

72 1674 303 1731 tanquam
356 1662 633 1714 haereticus
680 1671 737 1713 et
791 1659 1152 1712 schismaticus*
1189 1658 1473 1726 exciderat,
1529 1659 1582 1712 in
1639 1661 1879 1715 actualem

73 1762 243 1800 verum
278 1745 569 1799 Pontificem
605 1747 706 1798 lata
742 1762 835 1797 nec
869 1743 1117 1809 fuit,‘11ec
1153 1742 1249 1795 dici
1283 1753 1463 1813 potest.

216 1832 266 1884 7.
340 1831 693 1884 Deficientibus
731 1839 892 1882 autem
915 1827 1208 1898 quibuslibet
1233 1836 1410 1882 certae
1447 1828 1641 1884 divinae
1677 1830 1879 1883 institu-

73 1916 223 1968 tionis
261 1906 350 1968 aut'
381 1915 706 1986 delegationis
742 1914 1062 1979 documentiS,
1100 1931 1227 1983 quae
1253 1915 1311 1966 ad
1345 1913 1645 1985 probandum
1682 1922 1881 1968 certum

72 1999 330 2072 Episcopis
366 2000 417 2052 in
453 2000 677 2070 generali
724 1999 930 2053 concilio
977 1999 1201 2052 adunatis
1230 2001 1312 2070 jus
1350 2018 1379 2051 a
1411 1998 1522 2053 Deo
1557 1999 1792 2052 tributum
1827 2000 1879 2052 in
1915 2018 1918 2027 ¹

74 2084 263 2156 Papam
300 2085 604 2156 superiorem
658 2101 799 2136 suum
837 2093 1006 2137 essent
1040 2084 1235 2156 penitus
1271 2085 1584 2150 necessaria,
1642 2084 1754 2154 quid
1790 2103 1879 2155 pro

74 2170 467 2224 adversariorum
505 2168 756 2222 sententia
792 2178 979 2233 restat,
1030 2168 1130 2221 nisi'
1164 2169 1293 2221 ratio
1342 2170 1487 2223 ducta
1534 2187 1604 2222 ex
1649 2170 1756 2221 sola
1790 2187 1879 2222 ne-

77 2254 309 2307 cessitate
345 2254 546 2307 remedii
570 2253 874 2324 potissimum
911 2253 964 2304 in
1002 2271 1122 2306 casu
1144 2254 1527 2325 pertinacissimi
1564 2254 1879 2307 schismatis?

74 2338 210 2392 Haec
246 2358 366 2393 vero
403 2339 551 2404 ratic,
589 2337 685 2391 etsi
720 2355 880 2392 novae
917 2337 1136 2408 opinioni
1172 2338 1474 2392 inducendae
1511 2339 1765 2408 gestisque
1789 2337 1881 2390 Pi-

12 2443 14 2446 ’
76 2424 211 2476 sanis
266 2434 317 2476 et
347 2421 819 2489 ‚constantiensibus
868 2440 1066 2474 cansam
1103 2423 1260 2492 dedit,
1307 2442 1416 2477 cum
1462 2433 1631 2476 tamen
1668 2423 1880 2477 divinam

75 2508 434 2563 institutionem
480 2510 561 2563 vel
607 2506 963 2578 delegationem
1020 2517 1191 2560 nostro
1250 2509 1501 2580 proposito
1548 2508 1881 2562 necessariam

75 2612 174 2645 non
211 2595 409 2665 probet:
454 2594 574 2646 nihil
610 2594 835 2646 conferre
876 2601 1040 2663 potest
1077 2595 1137 2646 ad
1173 2595 1539 2648 convellendum
1577 2603 1766 2647 certum
1796 2595 1881 2664 jus

76 2677 324 2731 Pontificii
376 2675 612 2749 primatus
676 2696 824 2748 super
859 2676 1137 2749 Episcopus
1197 2697 1369 2732 omnes
1424 2679 1572 2732 etiam
1627 2679 1881 2733 collective

78 2773 324 2833 sumptOS,
363 2765 445 2831 qui
481 2781 673 2833 semper
710 2765 932 2830 fuerunt,
973 2773 1022 2815 et
1058 2774 1173 2815 sunt
1209 2764 1409 2817 summis
1444 2764 1768 2818 Pontificibus
1805 2765 1881 2816 in-

79 2846 304 2914 ferioreS,
343 2865 400 2899 ac
438 2866 506 2900 ex
543 2847 758 2900 naturali
794 2847 989 2900 ratione
1007 2848 1301 2917 jus‘nullum
1323 2850 1377 2902 in
1412 2850 1715 2920 superiorem
1741 2867 1881 2901 suum

78 2941 309 3002 poterunt
336 2949 595 2996 exercere,
631 2931 727 2983 nisi
753 2940 907 2999 certa,
946 2949 1070 3000 quae
1094 2933 1329 2987 hactenus
1355 2935 1677 2999 desideratur,
1716 2935 1882 2990 divina

79 3017 325 3069 institutio
375 3027 461 3069 aut
509 3009 750 3086 delegatio
806 3015 999 3068 aliunde
1045 3016 1295 3087 probetur·
1387 3014 1513 3070 Esto
1562 3019 1716 3089 igitur
1761 3019 1882 3072 nihil

79 3102 308 3171 utrinque
346 3102 470 3155 certi
508 3100 750 3171 dogmatis
784 3110 1025 3171 suppetat,
1064 3112 1113 3154 et
1150 3100 1314 3153 omnia
1351 3101 1462 3155 hinc
1500 3113 1551 3156 et
1585 3104 1699 3157 hinc
1733 3104 1783 3156 in
1822 3104 1914 3155 li-=

80 3187 199 3238 bera
236 3186 464 3257 opinione
488 3194 768 3248 versentur,
808 3185 928 3236 adeo
953 3195 1007 3236 ut
1029 3183 1177 3239 sicuti
1202 3186 1532 3252 adversarios,
1571 3187 1654 3256 qui
1677 3186 1880 3240 Pisanis

82 3279 131 3322 et
157 3267 618 3325 Constantiensibus
655 3269 812 3338 gestis
849 3270 1089 3335 nituntur,
1127 3271 1260 3322 nulla
1297 3288 1506 3323 censura
1540 3272 1881 3342 perstringen-

82 3354 168 3405 dos
203 3363 445 3424 putemuS,
480 3355 552 3408 ita
588 3364 637 3407 et
673 3354 768 3425 ipsi
804 3373 895 3406 nos
928 3355 1189 3426 praedictis
1221 3355 1377 3426 gestis
1401 3357 1553 3408 multa
1578 3367 1880 3428 opponentes

84 3456 240 3507 neque
274 3439 551 3494 haereticos
575 3457 734 3509 neque
759 3438 1097 3498 schismaticos
1122 3439 1352 3506 habeant,
1391 3443 1476 3496 sed
1502 3459 1609 3495 cum
1635 3441 1881 3496 Bossueto
