2326 3854
1013 101 1361 156 *36
1455 133 1627 140 *-

394 267 711 317 tissimorum
762 265 1160 334 Episcopor'um
1219 303 1437 315 ......
1489 268 1837 323 ουηεεητίεηε,
1875 275 1927 318 et
1975 286 2072 337 eqo
2123 268 2235 320 sub-

392 353 601 420 scripsi.
686 351 1024 421 Coynoscens
1074 352 1457 403 discussione-m
1514 352 1838 404 Sanctorum
1887 351 2139 415 Patrum,
2189 361 2241 405 et

392 457 511 491 cum
558 441 711 508 sequi
756 439 976 490 debeam
1027 455 1210 488 eorum
1242 439 1543 508 Judicium‚
1581 440 1877 507 subscripsi
1915 445 2012 491 etc.
2089 437 2147 493 Si
2184 438 2238 491 in

393 523 637 580 Conciliis
675 524 904 596 judicant
953 520 1192 595 Episcopi
1239 533 1360 577 tunc
1399 523 1580 590 etiam,
1632 543 1743 579 cum
1781 526 2086 580 obedientes
2124 526 2239 579 sub·

391 612 617 667 scribunt
656 609 957 674 definitioni,
1005 628 1152 679 quam
1190 614 1343 679 sequi
1379 613 1599 673 debent,
1647 612 1818 682 quidni
1855 611 2027 665 eadem
2066 611 2241 684 judieii

390 700 523 752 ratio
584 696 871 762 habebitur,
941 715 1050 750 cum
1088 695 1164 761 *in
1226 696 1403 750 iisdem
1453 695 1696 767 Conciliis
1745 697 1932 752 Patres
1982 698 2240 772 definiunt,

389 785 519 854 quod
558 792 708 836 antea
746 782 969 838 definivit
1006 801 1225 837 summus
1263 782 1540 849 PontifeX,
1584 785 1811 855 quamvis
1849 785 1988 855 sequi
2027 776 2243 837 debeant

389 874 494 943 ejus
532 869 810 941 judicium?
887 865 1082 935 Quodsi
1129 869 1326 939 quidam
1372 870 1508 924 inter
1554 870 1646 924 hos
1694 890 1799 931 ,non
1847 891 1926 930 exv
1961 870 2240 925 intrinseco

389 976 573 1011 causae
611 966 662 1010 et
700 965 1067 1009 momentorum
1107 956 1371 1022 examine,
1411 958 1499 1012 sed
1538 976 1607 1011 ex
1645 958 1946 1011 auctoritate
1971 956 2241 1022 Pontificia

388 1055 536 1116 atque
588 1061 656 1098 ex
698 1042 865 1096 debito
905 1042 1113 1096 unitatis
1152 1054 1204 1097 et
1243 1044 1557 1110 obedientiae
1595 1044 1998 1110 consentienteS,
2048 1045 2243 1104 ferrent

388 1130 723 1197 sententiam3
787 1148 957 1183 nonne
1006 1130 1262 1197 rationeS‚
1323 1151 1452 1202 quae
1503 1132 1564 1185 ad
1611 1131 1891 1204 hujusmodi
1938 1149 2240 1189 consensum

386 1228 592 1274 movent
630 1235 701 1271 ex
739 1217 1118 1289 primatuslfine
1157 1229 1208 1272 et
1246 1238 1316 1273 ex
1354 1217 1549 1274 Christi
1583 1219 1899 1273 institutione
1920 1228 2088 1289 >atque
2125 1237 2241 1291 pro-

388 1306 556 1359 missis
596 1300 689 1358 nee
728 1322 831 1357 non
870 1322 939 1357 ex
977 1304 1252 1359 traditione
1280 1304 1525 1372 Pati-um,
1577 1306 1752 1376 quibus
1782 1306 1992 1360 unitatis
2022 1306 2242 1360 debitum

387 1404 439 1446 et
488 1390 819 1446 inerrantiam
869 1389 1191 1462 Pontificiam
1237 1393 1290 1445 in
1339 1392 1709 1462 definitionibus
1756 1394 1884 1447 libro
1921 1393 2242 1465 praecedenti

389 1478 547 1553 (Cap.
593 1480 658 1532 12
699 1488 750 1532 et
790 1477 910 1551 13.)
933 1552 939 1557 ³
966 1479 1263 1545 statuimuS,
1321 1490 1510 1534 certum
1559 1490 1611 1534 et
1657 1481 1990 1552 dogmaticum
2038 1484 2242 1554 proprie

387 1569 578 1621 dictum
603 1565 843 1639 judicium
886 1555 1127 1619 eliciunt?
1183 1566 1296 1637 Hoc
1331 1586 1455 1622 sane
1495 1568 1538 1620 si
1576 1577 1731 1627 extra
1769 1569 2085 1622 occasionem
2122 1587 2243 1635 con-

389 1655 490 1709 cilii
526 1653 608 1708 vel
650 1671 742 1725 per
779 1653 1370 1729 adversariostsufficere
1409 1654 1666 1708 dicendum
1707 1664 1786 1708 est
1810 1655 1885 1707 ad
1923 1657 2242 1709 statuendum

387 1740 596 1812 tacitum
648 1739 781 1792 illmn
831 1737 1096 1794 Ecclesiae
1145 1740 1403 1813 dispersae
1459 1748 1790 1804 consensum,
1857 1732 2020 1813 quem
2055 1742 2242 1814 *judicio

388 1819 743 1882 oecumenicae
781 1827 967 1899 synodi
995 1827 1356 1899 aequivalere,
1397 1838 1448 1882 et
1486 1847 1647 1899 aeque
1686 1847 1870 1900 cogere
1897 1848 2071 1884 omnes
2093 1828 2243 1884 Chri-

387 1915 593 1969 stianos
629 1916 854 1967 fatentur
905 1912 1175 1986 (Episcopi
1224 1912 1467 1984 siquidem
1517 1915 1568 1967 in
1616 1925 1725 1984 tosta
1759 1914 1995 1980 Ecclesia
2030 1917 2243 1989 dispersi

388 2022 488 2077 non
535 2004 597 2056 ob
649 2001 778 2055 alias
827 2003 935 2054 fere
974 2001 1200 2075 rationes
1230 1999 1548 2073 ,Pontificiis,
1602 2021 1729 2073 quae
1767 2013 1923 2056 extra
1961 2000 2243 2057 Concilium

386 2090 627 2163 generale
665 2082 908 2154 eduntur,
949 2087 1320 2142 definitionibus
1359 2089 1709 2142 assentiuntur
1747 2099 1799 2143 et
1835 2090 2076 2163 parent);
2115 2091 2243 2144 haud

387 2178 562 2242 video,
604 2175 858 2246 ⁴quomodo
896 2175 949 2228 in
971 2172 1217 2241 ‚Concilio
1256 2176 1578 2230 oecumenico
1609 2176 1844 2249 judicium
1883 2177 2127 2249 ejusmodi
2162 2177 2240 2235 in-

389 2263 641 2318 sufficiens
676 2257 893 2335 judicari
932 2271 1100 2332 queat.
1178 2322 1181 2326 A

1241 2413 1288 2481 g.
1328 2398 1395 2464 11ss
1986 2484 1990 2487 ,

395 2509 507 2567 Quid
538 2510 787 2570 dicendum,
821 2530 916 2558 cum
947 2518 1143 2568 generali
1167 2518 1357 2559 Gon-citio
1382 2503 1503 2559 nulla
1526 2520 1759 2570 praecessit
1787 2516 2013 2569 Pontificia
2030 2517 2240 2569 definitim

539 2605 586 2659 7.
643 2601 702 2657 Si
739 2622 891 2676 porro
924 2613 1112 2675 *agatur
1150 2603 1210 2656 de
1247 2603 1542 2678 quaestione
1579 2604 1717 2669 fidei,
1757 2623 1903 2674 quam
1945 2614 2063 2672 ante
2102 2602 2242 2660 Con-

392 2690 557 2765 cilium
606 2710 708 2745 non
746 2674 996 2744 definierit
1034 2688 1295 2743 Romanus
1331 2690 1595 2756 AntisteS‚
1649 2691 1762 2761 quid
1801 2679 2144 2757 sentiendum,
2197 2692 2241 2744 si

391 2764 492 2850 qua
542 2777 678 2832 inter
738 2775 955 2832 Concilii
983 2774 1199 2830 Patres
1262 2787 1314 2830 et
1370 2796 1615 2830 summum
1671 2775 1968 2834 Pontificem
2021 2780 2243 2834 oriretur

392 2865 678 2934 dissensio?
756 2862 1072 2936 Contingere
1110 2854 1305 2934 quidem
1347 2874 1541 2936 potest,
1579 2875 1635 2917 ut
1671 2865 1724 2918 in
1763 2859 2084 2921 discutiendis
2123 2877 2241 2920 ante

391 2951 729 3021 definitionem
771 2951 1063 3017 momentis,
1103 2962 1154 3005 et
1191 2951 1243 3004 in
1282 2952 1498 3018 veritate
1536 2952 1835 3024 inquirenda
1870 2944 2010 3014 multi
2043 2963 2097 3007 et
2131 2954 2239 3025 plu-

393 3058 477 3094 res
528 3036 744 3094 Concilii
792 3038 979 3094 Patres
1019 3039 1167 3093 aliter
1205 3049 1355 3110 atque
1394 3040 1540 3093 aliter
1579 3040 1833 3113 opinando
1865 3040 2151 3111 discrepent
2189 3050 2240 3094 et

393 3128 526 3180 inter
564 3145 620 3180 se
659 3136 710 3179 et
748 3127 810 3180 ab
848 3112 957 3199 ipso
998 3125 1233 3180 Romano
1272 3124 1542 3185 Pontifice.
1617 3124 1693 3179 At
1729 3113 1891 3196 quoad
1929 3126 2239 3180 discutiendo

395 3224 446 3266 et
483 3213 780 3284 inquirendo
820 3213 1148 3280 dissentiant,
1196 3233 1254 3268 ac
1291 3203 1512 3268 definitio
1546 3214 1685 3275 ,nulla
1722 3232 1791 3266 ex
1829 3223 1974 3285 parte
2010 3216 2238 3286 profera-

394 3311 507 3366 tur,
548 3301 646 3354 erit
684 3301 809 3355 haec
849 3301 1098 3355 dissensio
1137 3301 1415 3373 opinionis,
1451 3319 1557 3354 -non
1595 3295 1929 3366 definitionis,
1971 3320 2064 3356 nec
2101 3301 2237 3355 fidei:

395 3405 487 3440 nec
525 3388 782 3458 quisquam
821 3378 1053 3459 utrinque
1081 3390 1292 3442 alterum
1319 3398 1467 3459 coget
1493 3388 1551 3441 ad
1580 3405 1841 3442 assensum
1858 3429 1871 3454 ,
1910 3408 2020 3442 cum
2046 3388 2237 3442 coactio
