2326 3854
918 146 1577 204 ——206—

318 321 374 365 ut
411 311 688 366 nonnullibi
725 313 890 365 fassus
929 312 1026 375 sit,
1073 310 1402 364 limi-tationes
1441 329 1531 365 seu
1568 312 1945 367 reservationes
1983 332 2045 368 ea
2081 333 2169 386 po·-

318 409 505 453 testate
541 400 704 452 factas
740 397 966 469 potuisse
1004 396 1199 467 quidem
1238 398 1384 451 initio
1422 416 1537 452 esse
1574 398 1884 465 laudabileS,
1922 400 2039 470 quia
2072 403 2170 455 sci-

318 487 436 541 licet
482 487 563 542 vel
622 484 772 538 utiles
819 483 903 538 vel
958 484 1285 538 necessariae
1334 484 1388 537 in
1416 483 1699 540 «Ecclesiae
1748 487 1934 540 bonum
1984 487 2169 558 optimo

319 573 530 628 consilio
581 582 634 626 et
681 570 904 642 legitime
952 570 1184 625 inductae
1231 572 1461 639 fuerunt3
1511 582 1565 625 at
1619 590 1728 626 cum
1767 591 2012 645 processu
2045 583 2172 628 tem-

318 661 455 734 poris
494 670 545 714 et
582 650 808 712 subortis
834 658 1073 712 abusibus
1108 659 1425 731 perniciosae
1465 662 1625 714 factae
1651 659 1773 726 sint,
1813 661 1907 714 hac
1934 662 2173 715 de-causa

318 749 430 801 illas
468 756 736 819 perpetuas
775 764 890 800 esse
929 765 1031 799 non
1069 764 1236 818 posse,
1275 766 1335 800 ac
1371 748 1580 819 proinde
1605 746 1933 820 Episcopales
1972 765 2031 803 ac
2056 745 2171 802 Me-

316 833 630 906 tropoliticas
666 834 930 888 facultates
969 835 1031 887 ad
1068 834 1326 904 antiquam
1367 834 1677 905 disciplinam
1703 853 1817 888 esse
1842 835 2173 900 revocandam,

319 940 429 974 cum
488 921 542 973 in
597 921 990 981 destructionem
1033 921 1224 984 cedat,
1281 923 1407 991 quod
1465 921 1612 975 initio
1666 921 1720 974 in
1776 921 2171 983 aedificationem

317 1007 426 1060 fuit.
499 1006 641 1061 Haec
680 1010 788 1080 ejus
826 1008 1083 1062 sententia
1118 1009 1282 1080 palam
1323 1009 1520 1064 elicitur
1557 1027 1629 1062 ex
1667 1027 1711 1062 c.
1750 1009 1804 1064 8.
1844 1009 1893 1078 §0
1930 1010 1984 1063 4.
2024 1009 2168 1064 ιι.,6.

318 1099 385 1167 (t.
425 1096 477 1148 2.
518 1114 635 1167 pag.
674 1094 776 1167 63)
826 1095 911 1148 ubi
958 1096 1018 1149 de
1065 1095 1472 1167 exemptionibus
1522 1097 1730 1167 loquens
1751 1135 1767 1161 ‚
1817 1097 2036 1150 affirmat
2083 1114 2171 1150 eas

317 1186 441 1237 tolli
476 1185 689 1245 debere,
727 1189 858 1254 quae
896 1182 1124 1254 quamvis
1162 1182 1294 1237 forte
1331 1183 1393 1235 ab
1430 1182 1576 1237 initio
1617 1185 1920 1238 laudabiles
1957 1183 2172 1251 fuerint3

317 1280 493 1325 tamen
522 1278 760 1341 propter
808 1291 956 1325 suam
992 1272 1406 1341 yeneralitatem
1443 1274 1639 1324 deiude
1671 1276 1858 1341 factae
1895 1279 2021 1328 sunt
2045 1290 2172 1341 per·

315 1363 572 1420 niciosae,
610 1378 684 1413 ex
722 1377 827 1427 quo
865 1359 1178 1411 subvertunt
1199 1359 1707 1412 subordinationem
1743 1379 1779 1412 a
1821 1359 2079 1412 Patribus
2116 1362 2170 1418 in

319 1447 571 1499 Ecclesia
614 1446 922 1498 stabilitam.
959 1443 1152 1516 (Num
1201 1443 1548 1498 subordinatio
1598 1444 1804 1499 summis
1841 1444 2172 1500 Pontificibus

318 1550 385 1586 ex
427 1532 646 1604 primatu
681 1531 879 1597 debita,
934 1541 987 1586 et
1024 1551 1055 1585 a
1091 1529 1204 1584 Deo
1243 1530 1476 1585 instituta
1513 1532 1854 1588 subvertenda
1890 1542 2056 1598 esset,
2080 1533 2172 1586 ..de

319 1638 418 1688 qua
450 1619 571 1672 alibi
608 1619 830 1672 diximus
842 1618 897 1688 ⁴3)
935 1617 1048 1672 Huc
1086 1614 1285 1690 quoque
1323 1637 1385 1673 ea
1421 1617 1666 1673 Febronii
1701 1619 1863 1674 verba
1898 1603 2175 1691 pertinent,

319 1706 497 1776 quibus
522 1706 587 1758 ¹in
625 1705 842 1778 epistola
878 1707 1250 1778 nuncupatoria
1286 1707 1349 1759 ad
1383 1705 1663 1779 Episcopos
1701 1705 1964 1772 scribens,
2020 1725 2174 1778 quae-

318 1793 538 1846 stionem
593 1801 912 1865 praesentem
969 1790 1032 1846 ab
1093 1794 1270 1852 iisdem
1325 1793 1724 1867 perpendendam
1781 1793 1855 1847 sie
1910 1793 2171 1866 proponit:

319 1881 462 1934 Num
501 1882 782 1934 Ecclesiae
819 1882 988 1934 ‘realis
1024 1884 1233 1935 utilitas
1263 1885 1537 1952 postulet‚‘
1578 1889 1641 1936 ut
1674 1885 1740 1935 iis
1762 1883 2011 1955 juribus,
2048 1886 2172 1952 qui-

318 1969 413 2022 bus
449 1972 613 2021 totius
665 1972 950 2038 potestatis
990 1970 1410 2023 Ecclesiasticae
1448 1967 1654 2022 Auctor
1695 2007 1883 2023 .....
1925 1972 2001 2022 ad
2036 1988 2172 2039 opus

317 2059 470 2110 suum
500 2058 895 2125 perficiendum
940 2075 1034 2109 vos
1069 2060 1362 2119 investivit,
1402 2075 1581 2126 porro
1631 2063 1685 2112 et
1725 2056 2051 2108 SEMPER
2088 2075 2172 2108 ca»

316 2147 503 2197 reatis.
585 2145 830 2213 Semper,
865 2142 1056 2213 inquit,
1096 2162 1157 2197 eo
1215 2144 1343 2214 quod
1379 2140 1752 2216 Episcopalium
1786 2142 2078 2197 facultatum
2115 2142 2173 2194 li-

317 2231 513 2285 mitatio
557 2231 638 2285 vel
685 2230 997 2296 reservatio,
1061 2229 1260 2284 etiamsi
1307 2230 1451 2283 initio
1502 2228 1639 2282 utilis
1695 2238 1846 2300 atque
1894 2228 2174 2294 laudabilis,

319 2318 553 2389 quamdiu
598 2317 652 2370 in
689 2319 875 2371 bonum
911 2318 1158 2390 publicum
1198 2318 1429 2384 cederet,
1478 2336 1582 2370 non
1617 2326 1789 2378 tamen
1825 2335 2061 2386 semper,
2113 2334 2173 2369 eo

318 2407 449 2476 quod
486 2424 589 2458 non
627 2424 840 2476 semper
875 2405 930 2459 in
965 2406 1183 2471 honum,
1239 2406 1327 2459 sed
1376 2405 1440 2459 ob
1491 2404 1726 2460 inductos>
1759 2404 1946 2458 abusus
1996 2402 2050 2455 in
2088 2403 2169 2457 de-

317 2493 649 2547 structionem
688 2511 938 2548 eonversa
954 2532 970 2558 ,
1017 2494 1348 2548 retractanda
1381 2493 1599 2549 videtur.
1673 2489 1735 2544 Si
1779 2492 1841 2545 de
1888 2490 2173 2563 exemptio-

317 2581 496 2648 nibuS,
535 2575 744 2651 quarum
781 2581 864 2634 ille
902 2599 963 2634 eo
1000 2581 1111 2634 loco
1135 2579 1404 2646 meminit,
1441 2579 1749 2650 loquendum,
1779 2579 1874 2645 sit,
1909 2576 2172 2634 Ecclesiae

318 2667 512 2737 quidem
551 2685 642 2738 per
679 2685 794 2721 sese
831 2667 961 2720 nihil
976 2667 1211 2732 interest,
1247 2677 1415 2723 utrum
1447 2665 1678 2721 monachi
1715 2682 1804 2718 ex.
1842 2683 1922 2736 gr.
1951 2665 2172 2719 locorum

316 2753 611 2827 EpiscopiS‚
662 2772 728 2806 an
779 2771 973 2806 summo
1012 2751 1254 2808 Pontifici
1290 2753 1577 2808 immediate
1617 2751 1983 2824 subjiciantur,
2034 2753 2172 2807 dum-

318 2842 463 2895 modo
502 2843 565 2895 ad
602 2840 825 2894 instituti
871 2839 949 2894 sui
998 2859 1227 2894 normam
1264 2851 1530 2915 regantur.
1626 2839 1832 2894 Abusus
1880 2849 2066 2894 autem·
2089 2841 2173 2911 qui

319 2949 390 2985 ex
427 2930 698 2983 eorundem
737 2929 1096 2982 monachorum
1133 2927 1257 2983 vitio
1291 2928 1626 3000 irrepserunt,
1666 2938 1717 2995 et
1754 2927 1990 2984 scandala
2024 2935 2172 3000 spar-

318 3026 474 3087 gunt,
551 3015 723 3070 neseio
785 3026 953 3069 utrum
1012 3017 1104 3069 sub
1152 3014 1519 3088 Episcoporum
1578 3014 1865 3069 immediato
1925 3014 2172 3086 regimine

316 3105 652 3168 tollerentur,
689 3113 778 3156 aut
822 3103 1046 3157 minores
1094 3103 1299 3167 fierent,
1347 3113 1403 3155 ut
1454 3111 1590 3175 patet
1640 3120 1710 3155 ex
1765 3101 1890 3166 illis,
1945 3120 2069 3174 quos
2118 3101 2170 3153 in

319 3191 578 3247 monachis
642 3190 722 3247 sui
769 3190 1041 3263 temporiS‚
1091 3209 1189 3261 quo
1247 3187 1515 3262 Episcopis
1565 3189 1835 3256 suberant)
1892 3188 2173 3245 detestatur

319 3278 599 3332 Ratherius
631 3277 685 3330 in
730 3278 873 3331 libris
914 3279 1375 3349 Praeloquiorum
1422 3284 1475 3333 et
1517 3277 1903 3345 Confessionis.
1982 3275 2171 3336 Reme-

319 3366 448 3418 dium
507 3365 839 3437 delegationis
887 3364 1218 3438 Apostolicae
1275 3383 1306 3420 a
1372 3362 1674 3440 Tridentino
1732 3361 2003 3417 adhibitum
2064 3364 2173 3421 sine

321 3453 622 3522 praejudicio
661 3452 921 3507 Pontificii
950 3452 1116 3525 juriS‚
1161 3451 1206 3513 si
1243 3471 1331 3523 pro
1371 3450 1599 3504 omnibus
1638 3449 1876 3503 abusibus
1913 3449 2172 3508 abolendis
