2326 3854
709 272 875 280 --
953 237 1090 294 '191
1183 267 1356 276 --

130 407 437 479 Reginonis‚
471 406 747 460 Burchardi
783 413 833 459 et
877 404 1115 468 aliorum,
1164 390 1290 472 quae
1341 402 1401 453 ob
1439 398 1592 467 fsu'am
1638 400 1931 455 brevitatem

129 513 188 549 ac
224 493 499 548 methodum
535 510 716 563 magno
752 489 862 544 usui
897 490 1054 543 fuere.

941 621 985 689 g,
1034 618 1118 672 111.

130 726 243 768 Num
275 727 531 777 disciplinae
560 724 752 770 novitas,
783 723 909 775 siqua
941 735 991 762 ex
1023 720 1282 773 apocryphis
1312 699 1511 761 Pseudo-
1524 719 1681 761 Isidori
1711 720 1932 760 decretal&

130 787 206 825 bus
236 786 445 834 invaluit,
475 795 640 835 umque
670 785 956 833 posteriorum
988 784 1222 831 temporum
1252 781 1456 830 obtinuit,
1480 777 1553 828 jus
1576 780 1742 830 falsu-m
1771 782 1811 820 et
1842 791 1933 820 ‹or

281 845 451 896 rupte-la
476 843 569 890 stt,
589 854 696 893 quae
729 842 906 893 antiquo
935 851 1146 882 canonum
1168 837 1262 887 jum'
1293 839 1496 888 derogare.
1527 839 1777 890 nequiverit.

272 927 357 980 15.
429 925 691 995 Frequens
750 926 877 996 apud
919 923 962 977 F
967 924 1220 977 ebronium
1251 923 1493 977 'occurrit
1545 912 1731 981 mentio
1789 931 1937 993 atque

127 1012 373 1065 distinctio
402 1013 531 1083 juris
568 1011 755 1081 antiqui
793 1020 843 1064 et
890 1011 1030 1075 novi,
1081 1027 1303 1079 quormnp
1322 998 1536 1061 ¹alterum
1578 1007 1631 1060 in
1668 1009 1937 1069 canonibus

129 1099 372 1167 antiquis,
422 1098 627 1151 alterum
673 1097 726 1148 in
771 1094 1194 1162 Pseudo—Isidori
1240 1093 1563 1165 supposititiis
1610 1095 1936 1163 decretalibus

130 1185 426 1236 continetur.
511 1180 604 1236 Jus
653 1181 968 1251 antiquorum
1015 1197 1259 1233 canonum
1323 1180 1539 1250 appellat
1586 1180 1851 1249 genuinum
1889 1189 1939 1233 et

127 1261 299 1327 verum
328 1271 439 1340 jus,
489 1255 1050 1319 Pseudo-Isidorianum
1080 1265 1165 1334 jus
1202 1259 1423 1335 spurium
1472 1272 1523 1316 et
1547 1264 1762 1333 ‘falsum3
1811 1266 1937 1334 quod

130 1372 236 1406 cum
265 1351 477 1422 antiquo
516 1354 566 1404 ct
592 1353 722 1406 ‘uero
753 1350 858 1422 juri
892 1349 1227 1422 praejudicare
1265 1367 1366 1401 non
1403 1348 1590 1420 possit,
1637 1351 1790 1404 veluti
1826 1369 1936 1404 cor-

128 1429 365 1509 ruptelam
413 1435 612 1490 omnino
651 1437 995 1507 corrigendum
1043 1435 1277 1488 traducit.
1354 1432 1480 1487 Cum
1530 1444 1691 1487 autem
1742 1453 1842 1487 non
1879 1437 1939 1488 de

127 1523 337 1576 materia
373 1522 524 1576 divini
563 1533 647 1575 aut
682 1522 928 1575 naturalis
958 1520 1117 1592 juris,
1169 1537 1294 1590 quae
1333 1518 1418 1590 (ut
1454 1536 1563 1571 cum
1600 1517 1709 1591 ipso
1745 1519 1787 1573 F
1793 1521 1936 1574 ebro-

130 1608 211 1660 nio
249 1607 680 1661 animadvertimus
725 1624 850 1679 capt
850 1608 923 1658 2.
962 1625 1012 1658 ιι.
1054 1603 1135 1677 1.)
1185 1596 1368 1657 mutari
1415 1621 1516 1658 non
1564 1614 1760 1675 potest,
1810 1624 1939 1658 nunc

129 1692 196 1745 sit
239 1693 382 1745 nobis
428 1703 627 1757 serum,
683 1691 769 1745 sed
823 1693 883 1746 de
919 1691 1148 1744 materia
1195 1708 1438 1744 canonum
1483 1690 1831 1760 peitinentium
1878 1691 1938 1742 ad

128 1777 460 1848 disciplinam,
510 1795 636 1847 quae
682 1794 770 1848 pro
819 1777 1066 1831 varietate
1111 1778 1329 1829 locorum
1376 1785 1427 1828 et
1479 1771 1754 1846 temporum
1792 1785 1939 1851 atque

130 1863 606 1915 circumstantiarum
642 1862 823 1915 mutari
859 1872 1050 1934 potest3
1088 1862 1204 1914 illud
1236 1863 1319 1932 jus
1354 1878 1525 1915 verum
1564 1871 1642 1914 est
1676 1861 1728 1913 in
1767 1861 1938 1932 capiti·

129 1949 221 2000 bus
259 1947 568 2018 disciplinae,
607 1949 734 2018 quod
772 1957 1008 2000 statutum
1046 1949 1401 2019 probatumque
1439 1963 1470 1998 a
1505 1946 1725 2016 legitima
1763 1945 1939 1999 Eccle-

130 2031 329 2084 siastica
380 2027 627 2102 potestate
672 2033 827 2103 viget.
914 2033 1153 2103 Antiquis
1188 2031 1447 2085 Ecclesiae
1494 2032 1701 2084 saeculis
1737 2032 1940 2102 vigebat

128 2116 382 2187 disciplina
430 2117 645 2188 antiquis
693 2120 962 2174 canonibus
987 2117 1346 2190 praescripta,
1388 2133 1545 2185 eaque
1591 2127 1708 2171 tunc
1754 2117 1940 2169 consti—

127 2202 296 2254 tuebat
330 2221 499 2257 verum
533 2205 617 2273 jus
661 2203 860 2256 omnino
909 2189 1234 2268 servandum,
1281 2202 1379 2254 nisi
1416 2204 1558 2272 justa
1605 2203 1664 2254 de
1713 2220 1864 2255 causa
1911 2220 1940 2255 a

127 2296 374 2359 potestate
433 2287 653 2358 legitima
712 2287 954 2356 aliquibus
1022 2289 1080 2340 in·
1153 2285 1537 2340 circumstantiis
1605 2287 1937 2357 dispensatum

130 2372 321 2424 fuisset.
396 2370 454 2424 Si
491 2382 654 2425 autem
702 2373 1084 2429 circumstantiis
1121 2383 1396 2444 temporum
1443 2371 1795 2424 aut-locorum
1834 2389 1940 2423 mu-

129 2457 279 2522 tatis,
316 2458 612 2511 necessitate
648 2459 729 2512 vel
764 2458 978 2511 utilitate
1013 2459 1203 2529 publica
1238 2448 1551 2535 postulante,
1590 2473 1650 2507 ea
1687 2455 1941 2526 disciplina

129 2543 389 2611 mutanda,
443 2544 524 2597 vel
577 2544 855 2596 relaxanda
907 2543 1183 2614 generatim
1240 2542 1444 2609 fucrit3'
1485 2561 1615 2597 nova
1668 2541 1939 2613 disciplina,

128 2628 377 2699 posterius
415 2628 528 2703 licet
564 2628 790 2694 inducta,
841 2647 966 2698 quae
1004 2624 1033 2681 a
1070 2629 1293 2699 legitima
1328 2638 1577 2700 potestate
1613 2638 1814 2698 recepta
1849 2647 1941 2680 usu

130 2712 380 2780 obtineat,
411 2703 705 2784 jus’verum
744 2714 935 2781 condit.⁴
1001 2710 1144 2780 Quod
1182 2715 1225 2766 si
1262 2715 1496 2784 quaedam
1534 2712 1835 2767 invaluerint
1873 2732 1940 2766 ex

133 2798 429 2868 apocryphis
465 2798 798 2864 documentisg
836 2817 935 2851 non
973 2799 1154 2852 idcirco
1181 2801 1354 2851 falsum
1386 2802 1472 2870 jus
1508 2799 1626 2851 illud
1663 2809 1741 2863 est
1777 2799 1938 2853 dicen-

132 2882 261 2950 dum,
317 2882 444 2951 quod
480 2899 549 2935 ex
585 2881 724 2934 falsis
770 2882 991 2934 fontibus
1020 2883 1272 2953 ¹originem
1323 2901 1413 2936 seu
1459 2883 1817 2938 incrementum
1855 2894 1941 2936 aut

131 2966 534 3038 propagationem
574 2966 852 3019 ⁴faciliorem
900 2965 1084 3019 habuit.
1171 2966 1358 3037 ¹Neque
1396 2969 1560 3021 eninr·
1585 2987 1645 3021 ea
1692 2970 1942 3037 recentior

132 3051 386 3123 disciplina
422 3071 489 3104 ex
526 3052 649 3123 ipsis
694 3051 1016 3122 supposititiis
1053 3044 1355 3105 documentis
1384 3053 1647 3123 juris÷÷vim
1684 3064 1736 3107 et
1773 3064 1942 3107 aucto-

134 3137 330 3193 ritatem
384 3147 650 3190 consecuta
705 3146 807 3201 est,
869 3137 1078 3209 sed-ex
1133 3137 1218 3189 illa
1271 3134 1637 3191 Ecclesiastiea‘
1678 3135 1941 3210 potestate,

134 3222 503 3290 quaeeandem
540 3220 719 3276 novam
757 3219 1056 3292 disciplinam
1095 3221 1738 3293 recepit-confirmavitque.
1799 3224 1941 3278 Hanc

135 3306 408 3375 quicunque
443 3307 701 3359 damnaret
736 3316 969 3375 tanquam
1005 3307 1178 3358 falsum
1212 3309 1289 3377 jus
1328 3317 1377 3360 et
1414 3310 1771 3380 corruptelam,
1808 3311 1942 3362 dam-

134 3410 257 3444 nare
294 3391 499 3443 deberet
523 3392 636 3470 ipsa
682 3391 888 3444 concilia
935 3410 1034 3468 non
1063 3393 1618 3468 '‘solumwparticularia,
1666 3396 1751 3453 sed
1790 3395 1937 3455 etiam

136 3475 448 3536 oecumenica
486 3485 754 3547 temporum
779 3476 1125 3547 posteriorum,
1163 3495 1219 3530 ac
1256 3478 1547 3549 praesertim
1575 3477 1941 3545 Tridentinum,
