2326 3854
1088 208 1172 242 vll

236 363 441 418 duobus
485 361 781 435 capitibuS,
837 363 1022 415 cetera
1068 359 1247 414 omnia
1290 359 1551 431 primatus
1587 361 1719 427 jura
1763 356 2037 409 inelucta-

234 449 326 504 bili
371 465 519 502 nexu
565 450 992 518 consequuntur,
1052 449 1106 499 et
1150 447 1300 499 sarta
1343 445 1491 498 tecta
1534 444 1846 515 persistunt.
1918 438 2038 495 Se-

236 538 390 589 cutus
421 537 601 588 autem
633 535 717 586 est
746 531 850 584 hac
879 531 934 584 in
964 546 1027 584 re
1065 533 1222 585 autor
1252 524 1478 584 Patrum
1509 528 1783 602 vestigia,
1816 529 2036 581 secutus

237 624 319 674 est
376 619 660 673 clarissimi
718 617 845 671 olim
904 618 1133 670 nominis
1188 612 1541 690 Anselmum,
1601 611 2036 687 Havelbergen—

235 721 350 759 sem
393 703 727 777 Antistitem,
774 702 862 774 qui
908 718 941 755 a
977 700 1241 756 Lothario
1271 701 1344 757 ΙΙ.
1390 701 1727 774 Imperatore
1773 716 1821 753 a.
1850 697 2035 754 1135.

232 792 452 864 legatus
499 786 1024 861 Constantinopolim
1067 789 1287 863 missus,
1332 791 1386 842 in
1427 785 1769 842 Graecorum
1813 786 2036 860 celebri,

233 891 390 948 quem
411 870 795 929 instituendum
818 870 1051 944 curavit,
1077 869 1367 929 Conventu
1391 876 1556 928 totius
1576 873 1808 928 Latinae
1823 869 2036 926 Eccle—

232 963 348 1016 siae
373 962 611 1036 nomine,
650 958 881 1015 Graecis
913 961 1156 1015 omnibus
1189 965 1243 1016 et
1267 961 1562 1033 praecipuo
1593 960 1911 1013 adversario
1937 972 2035 1012 suo

231 1046 471 1122 Nechiti,
515 1044 924 1102 Nicomediensi
948 1038 1408 1121 Archiepiscopo,
1454 1044 1720 1117 intrepide
1753 1045 2034 1117 opposuit:

233 1129 520 1209 „Constat
574 1131 883 1188 Romanam
937 1130 1249 1187 Ecclesiam
1308 1129 1605 1186 divinitus
1657 1128 1863 1184 habere
1919 1131 2035 1183 duo

230 1219 546 1294 privilegia,
592 1216 846 1274 videlicet
881 1235 1017 1292 prae
1062 1221 1305 1274 omnibus
1352 1220 1714 1290 incorruptam
1748 1217 2036 1289 puritatem

231 1303 375 1376 fidei,
424 1309 478 1360 et
523 1318 688 1378 super
732 1318 919 1359 omnes
963 1308 1289 1378 potestatem
1325 1299 1682 1378 judicandi,“
1730 1316 1868 1375 quae
1914 1303 2034 1375 pri—

232 1389 440 1465 vilegia
464 1390 533 1445 ad
557 1390 983 1446 constituendam
1005 1395 1118 1446 tum'
1142 1389 1267 1446 fidei
1298 1395 1409 1446 tum
1441 1391 1724 1464 regiminis
1747 1389 1800 1442 in
1823 1385 2035 1443 Eccle-

231 1479 314 1531 sia
357 1480 616 1532 unitatem
662 1479 976 1550 respiciunt.
1064 1475 1411 1552 „Ecclesiae
1458 1477 1600 1531 enim
1646 1476 1829 1549 saluS,
1893 1478 2034 1529 teste

231 1561 295 1618 S.
321 1562 662 1636 Hieronymo
709 1565 763 1618 in
792 1562 1034 1638 Dialogo
1082 1568 1270 1620 contra
1301 1562 1545 1618 Lucifer.
1592 1564 1646 1616 in
1678 1558 1888 1618 Summi
1914 1557 2033 1615 Sa·-

231 1649 465 1704 cerdotis
511 1649 774 1724 dignitate
818 1650 1038 1723 pendet,
1086 1652 1172 1705 cui
1202 1652 1249 1705 si
1280 1661 1386 1706 n'on
1422 1664 1640 1704 eoesors
1678 1646 1945 1721 quaedam
1982 1650 2037 1701 et

231 1737 295 1790 ab
342 1736 585 1790 omnibus
631 1732 899 1790 eminens
943 1735 1102 1790 detur
1138 1739 1403 1810 potestas,
1448 1738 1527 1789 tot
1556 1734 1610 1788 in
1634 1732 1905 1788 Ecclesiis
1940 1732 2032 1788 ef·-

229 1819 472 1876 ficientur
517 1821 842 1895 schismata,
889 1825 1019 1893 quot
1061 1815 1443 1876 sacerdoteS.“
1540 1859 1543 1861 -

356 1905 730 1976 Potestatems‚
752 1946 755 1949 -
778 1920 937 1978 quam
980 1900 1295 1962 Pontificius
1315 1913 1318 1917 ’
1330 1898 1725 1976 jurisdictionis
1772 1907 2034 1979 primatus

228 1995 282 2046 in
313 2006 374 2046 se
405 1993 671 2067 continet,
695 1988 936 2046 diximus
960 1992 1240 2065 plenam,
1274 2004 1650 2066 supremam,
1685 1995 1743 2043 ct
1772 1990 2032 2046 ordina-

230 2074 409 2133 riam.
454 2076 632 2132 Plena
675 2095 744 2133 ea
787 2077 1014 2150 dicitur,
1075 2070 1215 2151 quod
1262 2081 1434 2133 omnis
1479 2081 1757 2152 potestaS,
1817 2094 1957 2150 quae
2004 2096 2033 2132 a

229 2160 449 2219 Christo
482 2163 714 2219 Domino
759 2180 858 2238 pro
901 2166 1170 2239 regimine
1207 2161 1506 2220 Christiani
1552 2164 1737 2237 pop-uli
1768 2164 2034 2238 spirituali

229 2251 431 2306 collata
476 2254 593 2320 est,
661 2252 882 2325 integra
939 2249 1191 2306 Romano
1237 2250 1485 2307 Pontifici
1538 2253 1710 2305 inest:
1780 2267 2035 2324 suprema

230 2335 442 2411 dicitur,
489 2336 630 2408 quod
657 2334 943 2392 Romanus
973 2336 1233 2392 Pontifex
1277 2338 1501 2410 reliquis
1546 2335 1867 2411 EpiscopiS,
1915 2338 2032 2391 sive

231 2420 565 2476 distributive
623 2422 742 2476 sive
788 2422 1075 2477 collective
1121 2425 1381 2497 sumptiS,
1439 2420 1702 2496 dispersis
1746 2423 1839 2476 vel
1891 2438 2031 2477 con-

228 2505 482 2582 gregatis
527 2506 776 2580 superior
822 2511 926 2582 est,
973 2512 1158 2581 utpote
1201 2542 1249 2582 ,9
1264 2507 1451 2564 totius
1494 2505 1786 2563 Ecclesiae
1831 2505 2032 2584 Caput,

229 2596 284 2648 et
327 2591 590 2647 omnium
639 2588 1072 2648 Christianorum
1116 2594 1285 2650 Pater
1342 2599 1397 2649 et
1439 2589 1677 2670 Doctor,
1738 2597 1825 2650 cui
1869 2597 1923 2650 in
1967 2594 2030 2650 B.

226 2677 394 2734 Petro
428 2679 707 2754 pascendi,
748 2680 980 2755 regendi
1014 2684 1070 2735 et
1105 2680 1444 2756 gubernandi
1474 2679 1885 2736 universalem
1906 2680 2031 2736 Ec-

228 2765 451 2820 clesiam
474 2783 509 2820 a
534 2764 605 2820 D.
630 2760 707 2820 N.
730 2764 784 2821 J⁴
811 2762 879 2821 C.
898 2767 1087 2840 plena
1115 2771 1359 2841 potestas
1405 2769 1604 2823 tradita
1635 2764 1784 2824 θεῶ(
1831 2764 2030 2843 (Con-

230 2849 318 2905 cil.
342 2848 624 2926 Florem.)
649 2850 937 2907 ordinaria
965 2847 1159 2908 eadem
1187 2857 1432 2927 potestas
1480 2858 1584 2930 est,
1632 2856 1759 2927 quia
1800 2856 1858 2909 vi
1901 2870 2029 2910 mu-

227 2938 373 2991 neris
409 2936 658 3012 habe'tur,
702 2941 761 2992 et
798 2953 907 2993 non
947 2943 1038 2994 est
1067 2940 1347 3014 delegata.

289 3042 313 3065 ·.
354 3019 545 3095 Usque
592 3021 661 3077 ad
705 3021 914 3078 saeculi
931 3023 1071 3080 XV.
1115 3027 1321 3080 initium
1366 3026 1516 3081 nulla
1548 3028 1689 3082 inter
1715 3019 2032 3081 Catholicos

228 3108 548 3180 disceptatio
578 3108 673 3163 de
718 3111 1015 3165 recensitis·
1062 3112 1270 3166 duabus
1314 3110 1583 3167 Pontificii
1626 3114 1887 3184 primatus
1935 3110 2026 3165 fa-

228 3193 520 3249 cultatibus
563 3195 851 3249 invenitur.
942 3193 1145 3250 Omnes
1192 3196 1334 3251 enim
1377 3192 1681 3272 Catholici,
1728 3197 2029 3271 Theologi,

227 3278 425 3334 Patres
481 3282 536 3333 et
578 3275 827 3336 Concilia
870 3279 1146 3336 Pontificis
1190 3279 1429 3337 Romani
1485 3285 1619 3338 certi
1679 3299 1744 3339 ac
1798 3284 2030 3358 legitimi

230 3379 537 3437 supremam
581 3370 636 3421 et
679 3363 1015 3422 infallibilem
1047 3370 1391 3425 autoritatem
1435 3370 1628 3443 ubique
1664 3374 2030 3444 agnoverunt,

230 3454 536 3506 stawerunt
579 3455 635 3507 et
676 3459 1115 3530 propugnarunt,
1160 3457 1348 3530 quibus
1384 3457 1545 3531 plane
1580 3457 1772 3531 ignota
1809 3452 1909 3510 fuit
1940 3455 2030 3510 di-
