2326 3854
691 237 1324 294 &189—

102 408 372 474 „ctioribus
410 407 580 459 fultam
616 405 834 476 legibus,
883 406 1126 475 longoque
1173 416 1266 454 usu
1302 401 1362 453 ab
1399 398 1624 452 omnibus
1661 410 1906 471 receptam

101 494 374 564 „quispiam
413 500 640 546 evertere
677 499 728 542 et
761 489 1022 542 immutare
1047 488 1383 542 contenderet.
1457 483 1594 536 Nulli
1632 494 1794 536 autem
1829 495 1907 536 tu-

102 580 342 644 „multus,
397 579 635 630 clamores
689 575 806 627 nulli
859 574 1012 626 auditi
1070 582 1186 625 sunt
1241 573 1301 625 ob
1355 571 1576 624 inductas
1634 569 1907 622 decretales

103 665 478 735 „apocryphaS,
523 661 621 712 nisi
655 661 707 711 in
754 679 815 712 ea
850 668 1022 729 parte,
1069 677 1194 727 quae
1231 658 1292 710 ad
1325 655 1683 727 Episcoporum
1729 671 1906 708 causas

102 758 189 812 „et
217 748 402 817 judicia
435 746 677 818 pertinet:
699 744 774 796 ,de
811 743 982 812 quibus
1020 743 1184 813 aliqua
1221 743 1345 815 apud
1382 741 1699 795 Hincmarum
1734 741 1908 812 legun-

102 843 246 901 „tur,
286 843 336 886 et
370 832 422 884 in
459 829 680 902 epistolis
719 827 916 881 Nicolai
952 827 1025 881 1³⁴⁶
1080 826 1082 828 ’

243 920 293 969 5.
368 916 478 982 „At
502 916 554 968 in
589 916 666 968 his
690 915 812 986 ipsis
838 915 1001 967 causis
1028 924 1175 984 atque
1204 913 1420 985 judiciis,
1458 913 1585 983 quod
1607 911 1660 963 in
1684 909 1909 963 Pseudo-

101 1003 361 1074 „epistolis
411 1020 468 1054 ae
516 1000 722 1072 synodis
768 998 1054 1052 Isidorianis
1115 999 1356 1065 traditur,
1405 1018 1506 1052 non
1553 1007 1662 1050 erat
1708 996 1908 1049 omnino

101 1106 335 1152 „novum.
419 1086 603 1139 Nonne
645 1103 838 1139 *causae
892 1088 1138 1156 majoreS,
1191 1086 1318 1154 quae
1379 1086 1512 1138 circa
1568 1081 1908 1139 accusationes

101 1171 488 1244 „Episcoporum
524 1183 806 1237 versantur,
845 1171 995 1224 certis
1029 1170 1341 1238 antiquorum
1365 1168 1662 1222 Pontificum
1698 1165 1910 1219 decretis

102 1258 459 1330 „Apostolicae
495 1257 615 1310 Sedi
651 1265 968 1331 reservatae,
1018 1254 1126 1307 sine
1175 1257 1281 1325 ejus
1336 1272 1546 1306 assensu
1580 1251 1772 1304 definiri
1809 1269 1909 1303 non

102 1344 434 1414 „poterant‘iss'
461 1341 592 1396 Vide
627 1343 758 1394 inter
795 1336 1190 1394 cetera-'Leonis
1238 1338 1476 1410 epistolas
1512 1338 1564 1391 6.
1604 1337 1692 1390 23.
1733 1347 1784 1390 et
1821 1338 1907 1389 14.

100 1445 195 1493 „ac
231 1425 467 1497 Gregorii
499 1427 590 1481 1V.
647 1427 904 1499 epistolam
953 1423 1159 1496 primam
1205 1425 1266 1476 ad
1308 1424 1576 1477 universos
1612 1421 1907 1494 Episcopos.

100 1511 320 1577 „Nonne
357 1511 711 1583 Episcoporum
750 1510 1103 1582 appellationes
1153 1510 1214 1562 ad
1250 1509 1454 1561 eandem
1492 1510 1656 1562 sedem
1694 1509 1910 1579 antiquis

33 1605 38 1609 “
102 1599 407 1662 „canonibus
455 1607 508 1649 et
551 1596 919 1661 consuetudini,
975 1614 1067 1648 nec
1114 1613 1216 1647 non
1261 1594 1499 1665 primatus
1539 1595 1641 1666 juri
1685 1595 1909 1661 innian,

102 1683 449 1753 „probavimus
485 1682 536 1734 in
573 1681 1002 1736 observationibus
1039 1682 1099 1734 ad
1135 1681 1533 1734 dissertationem
1558 1679 1626 1735 V.
1655 1677 1910 1747 Quesnelli

103 1778 267 1839 „part.
309 1770 358 1819 l.
399 1786 442 1821 c.
481 1769 532 1818 5.
571 1768 621 1820 6.
646 1765 720 1820 ὀἱ
750 1768 834 1820 7.?
882 1760 1172 1838 Nezomnes
1208 1767 1486 1838 promiscue
1522 1767 1824 1839 recipiantur
1849 1768 1911 1820 ad

102 1853 460 1917 „accusandum
499 1850 822 1923 Episcopum,
843 1862 1062 1905 -cautum
1110 1854 1271 1905 fuerat
1304 1852 1357 1905 in
1403 1852 1674 1905 canonibus
1713 1851 1911 1907 Codicis

103 1937 366 2005 „Africani
417 1938 561 1990 128.-
588 1938 708 2010 129.
759 1937 881 1990 130.
933 1948 983 1990 et
1032 1938 1152 1991 131.
1210 1957 1303 1991 nec
1351 1957 1451 1991 non
1515 1939 1662 1993 etiam
1717 1956 1907 1992 canone

103 2033 286 2087 „sexto
325 2022 516 2074 concilii
555 2009 663 2075 (ΞΡ.
703 2041 846 2091 quem
895 2038 964 2075 ex
1002 2021 1198 2076 Graeco
1246 2024 1411 2077 codice
1447 2023 1686 2078 Nicolaus
1723 2026 1761 2076 Ι.
1800 2026 1908 2077 lau-

101 2108 221 2171 „dat
267 2106 472 2178 epistola
519 2117 711 2166 octava.
794 2105 1113 2179 Episcopos'
1131 2111 1318 2180 ejectos
1365 2119 1415 2162 et
1462 2110 1565 2165 suis
1619 2112 1764 2164 rebus
1815 2129 1909 2164 ex-
1956 2151 1960 2161 .

101 2192 347 2263 „poliatos
383 2211 483 2244 non
521 2193 767 2262 cogendos
805 2193 866 2245 ad
894 2194 1156 2288 judicium,
1206 2195 1311 2247 nisi
1339 2195 1476 2265 prius
1513 2195 1566 2247 in
1615 2214 1752 2249 suum
1791 2216 1908 2267 gra-

103 2277 250 2341 „dum
304 2277 658 2343 restituantur,
715 2287 770 2330 et
818 2278 982 2330 onmia
1035 2279 1217 2332 eisdem
1272 2281 1435 2333 ablata
1489 2282 1907 2353 redintegrentur,

103 2361 384 2432 „colligitur
440 2372 588 2415 antea
652 2363 900 2415 decretum
958 2381 1027 2415 ex
1083 2362 1269 2421 Codice
1326 2364 1586 2419 Ecclesiae
1638 2367 1910 2428 Africanae

103 2466 182 2511 „c.
220 2447 308 2516 87.
382 2445 520 2500 Haec
557 2458 608 2500 et
643 2448 740 2500 alia
776 2449 990 2518 ejusdem
1019 2449 1237 2518 generiS,
1275 2469 1401 2519 quae
1426 2469 1586 2506 novae
1623 2444 1908 2525 disciplinae

101 2550 169 2594 „a
205 2513 437 2584 Pseudo·
449 2531 736 2584 Isidorianis
773 2532 1101 2586 decretalibus
1138 2536 1376 2589 inductae·
1402 2537 1704 2603 tribuuntur,
1741 2541 1909 2610 legere

103 2616 302 2680 „licebit
347 2617 399 2668 in
437 2616 675 2688 Epistolis
720 2618 772 2672 8:
823 2618 874 2670 9.
927 2628 979 2671 et
1021 2619 1108 2672 38.
1183 2619 1381 2674 Nicolai
1416 2621 1454 2673 I.
1485 2623 1588 2693 ⁴qui
1634 2634 1802 2678 tamen
1848 2644 1906 2678 ea

103 2720 240 2766 „non
278 2720 347 2755 ex
369 2703 481 2754 -illis
520 2703 844 2774 apocryphis,
881 2703 1057 2772 quibus
1078 2702 1141 2774 ¹)
1163 2707 1394 2768 carebat,
1431 2709 1517 2761 sed
1554 2728 1623 2762 ex
1661 2711 1907 2780 antiquio-

104 2786 277 2850 „ribus
313 2787 616 2848 documentis
664 2789 946 2850 confirmat:
972 2791 1395 2858 quemadmodum
1431 2804 1563 2846 ante
1583 2795 1743 2865 ipsum
1780 2798 1909 2849 fece-

105 2880 222 2935 „rat
257 2870 404 2923 etiam
442 2869 717 2941 Gregoiius
740 2871 832 2925 lV.
869 2872 930 2924 in
958 2873 1167 2943 epistola
1202 2877 1359 2946 prima
1395 2879 1453 2929 ad
1490 2878 1751 2932 universos
1786 2878 1908 2950 Epi—

105 2973 344 3026 „scopOS,
380 2955 431 3007 in
468 2975 563 3025 qua
599 2957 793 3018 Aldrici
827 2952 1243 3014 Cenomanensis
1257 2968 1455 3015 causam
1491 2963 1586 3015 sibi
1621 2968 1867 3018 reservat.
1873 2969 1907 2995 ‘⁶

104 3039 359 3096 {hatenus
393 3041 790 3096 ibi..
1416 3092 1418 3095 ,
1627 3098 1630 3099 γ

246 3126 321 3178 6.·
372 3124 430 3178 Si
486 3126 720 3181 navitatis
783 3129 946 3198 capita
1002 3148 1032 3181 a
1075 3127 1119 3181 F
1121 3131 1325 3187 ebronio
1379 3134 1679 3203 reprehensa
1732 3135 1907 3187 vellem

106 3209 387 3280 singillatim
432 3212 741 3283 expendere,
798 3223 1000 3283 praesto
1044 3215 1276 3269 haberem
1324 3216 1376 3268 in
1424 3217 1631 3287 singulis
1669 3219 1904 3287 quaedam

418 3309 422 3314 ⁴
1132 3305 1134 3309 '
1415 3317 1426 3345 (

230 3421 264 3470 ¹)
298 3423 395 3463 Vide
435 3418 682 3467 Tractatum
711 3428 761 3467 de
791 3428 966 3479 Antiqu.
1002 3430 1315 3471 collectionibus
1346 3443 1555 3473 canonum
1586 3439 1688 3509 part.
1720 3435 1762 3502 3
1798 3448 1832 3475 c.
1862 3438 1903 3475 6

107 3479 141 3530 δ.
178 3483 215 3523 1.
249 3494 351 3522 ιιιιιιι.
387 3485 425 3522 1.
457 3487 552 3523 tom
579 3486 652 3525 ΙΙΙ
685 3488 728 3527 S.
760 3487 913 3528 Leonis
944 3499 1036 3538 pag.
1068 3488 1170 3526 215.
1469 3512 1473 3516 ν
