2326 3854
706 225 1351 283 -m-217--n-

117 389 207 461 pit.
282 388 448 444 Velim
483 387 797 442 adversarios
834 387 1223 458 congruentiora
1259 383 1502 456 cogitare,
1539 385 1833 454 praesertim
1869 387 1928 439 de

120 474 410 546 Apostolis,
457 491 581 543 quos
618 491 726 527 cum
761 491 910 544 pares
944 482 1193 544 potestate
1230 489 1343 524 esse
1379 468 1680 524 contendunt
1716 480 1928 541 excepto

119 559 360 630 primatu,
407 568 512 611 tum
549 576 669 613 vero
707 557 895 612 alienos
930 558 1079 611 fateri
1114 558 1293 610 debent
1328 574 1360 610 a
1385 553 1648 625 judicando
1685 554 1780 606 sibi
1815 555 1929 606 sub-

121 643 272 695 ditum
320 643 538 713 ipsorum
581 641 896 714 Principem,
943 642 1026 711 qui
1076 642 1290 713 primatu
1316 639 1672 712 jurisdictionis
1707 639 1931 693 omnibus

120 727 507 799 praeeminebat.
556 765 564 792 4
579 725 714 779 Istud
739 727 975 797 judicium
1012 726 1132 779 solis
1168 726 1467 781 adversariis
1502 725 1741 778 familiare
1777 742 1848 777 ex
1871 743 1932 778 eo

122 811 246 864 falso
294 810 532 883 principio
578 811 838 881 originem*
859 811 1017 879 ducit,
1071 829 1168 881 quo
1216 811 1474 865 concilium
1510 810 1745 882 generale
1781 809 1835 863 in
1871 828 1931 864 eo

123 894 478 967 Apostolorum
517 905 766 950 conventu
814 897 1218 964 consideranteS,
1259 898 1343 967 jus
1391 896 1548 949 eidem
1592 895 1647 948 in
1694 914 1933 949 summum

121 979 416 1033 Pontificem
461 980 727 1046 tribuunt,
761 983 889 1051 quod
945 982 998 1035 in
1043 982 1282 1035 missione
1318 980 1466 1035 Petri
1511 989 1562 1034 et
1605 979 1816 1037 Joannis
1871 982 1934 1036 ab

121 1066 483 1137 Apostolorum
518 1075 685 1120 mente
721 1067 1078 1125 alienissimum
1113 1067 1222 1120 fuit.

952 1227 1002 1296 §-
1038 1229 1133 1280 n.-

125 1340 180 1381 In
208 1342 287 1383 illa
319 1341 529 1384 Febronii'
550 1354 587 1384 c.
615 1341 658 1384 2.
689 1340 726 1394 §.
755 1342 799 1386 3.
842 1342 996 1394 quibus
1035 1342 1252 1384 contendit
1280 1340 1516 1382 Ecclesiam
1553 1352 1676 1393 posse
1705 1341 1938 1392 transferre

493 1400 727 1466 primatum
758 1413 785 1441 a
817 1401 1011 1443 Romano
1043 1402 1101 1443 ad
1131 1402 1264 1442 alium
1295 1400 1574 1453 Episcopum.

267 1496 381 1550 Etsi
425 1498 666 1569 primatus
709 1497 857 1551 Petri
912 1508 964 1552 et
995 1516 1354 1552 successorum
1402 1501 1507 1569 ejus
1562 1498 1793 1569 alligatus
1847 1498 1938 1550 fuit

127 1581 386 1635 Romanae
423 1582 527 1635 sedi
555 1583 854 1653 probabilius
890 1601 960 1637 ex
996 1585 1129 1636 facto
1154 1582 1318 1649 Petri,
1356 1583 1439 1653 qui
1471 1584 1651 1636 ibidem
1685 1592 1936 1654 postremo

126 1667 292 1719 sedem
329 1667 443 1719 fixit
488 1677 538 1720 et
587 1667 742 1733 obiit,
788 1678 978 1721 cer-timi
1012 1678 1182 1722 tamen
1217 1679 1296 1722 est
1331 1687 1443 1722 eum
1480 1669 1540 1721 ab
1588 1667 1937 1739 ipso‘Christo

124 1751 279 1804 fuisse
328 1751 614 1804 attributum
661 1750 821 1805 Petro
870 1763 922 1806 et
967 1753 1336 1807 successoribus
1381 1756 1517 1824 ejuS,
1565 1753 1646 1822 qui
1681 1763 1811 1825 post¹
1833 1756 1938 1824 ejus

128 1846 338 1889 mortem
373 1837 469 1908 ipsi
502 1836 724 1907 legitime
747 1837 970 1890 *fuissent
1006 1839 1285 1910 subrogati.
1361 1836 1604 1905 Quamdiu
1639 1838 1825 1892 Petrus
1849 1839 1940 1891 fuit

127 1920 488 1992 Hierosolymis
507 1931 611 1973 <aut
643 1922 942 1976 Antiochiae
976 1924 1058 1976 vel
1095 1924 1228 1990 alibi,
1263 1924 1502 1995 primatus
1539 1924 1695 1977 eidem
1731 1926 1939 1978 collatus

128 2003 439 2068 aChristo,
483 2023 730 2077 personae.
772 2010 881 2078 ejus
927 2007 1179 2073 adhaesit,
1235 2012 1495 2079 antequam
1533 2008 1745 2063 Romae⁴
1774 2012 1939 2064 sedem

126 2090 318 2160 figeret.
393 2089 522 2145 Cum
557 2099 721 2144 autem
746 2091 943 2145 Romae
963 2093 1048 2146 -ita
1065 2093 1288 2160 fixisset,
1325 2104 1381 2146 ut
1415 2089 1593 2148 ibidem
1630 2105 1938 2161 moreretur3

124 2175 363 2247 primatus
397 2176 452 2228 in
487 2168 658 2228 eadem
693 2178 811 2231 sede
848 2178 1201 2247 quodammodo
1239 2180 1518 2251 depositus,
1556 2180 1610 2232 in
1648 2199 1736 2233 eos
1771 2190 1939 2233 trans-

123 2260 243 2325 ivit,
266 2290 270 2294 -
293 2260 388 2330 qui
419 2260 466 2313 ei
530 2258 584 2312 in
633 2262 804 2314 eadem
849 2264 966 2316 sede
1015 2275 1382 2317 successerunt.
1470 2265 1519 2318 N
1523 2284 1589 2318 on
1603 2328 1613 2337 X
1647 2266 1805 2317 locum
1857 2276 1941 2318 aut

128 2346 432 2399 materialem
469 2343 764 2414 cathedram,
800 2348 888 2400 sed
923 2365 1265 2402 successorum
1290 2368 1554 2421 personam
1590 2349 1830 2420 primatus
1867 2369 1940 2403 se-

127 2430 292 2499 quitur
335 2440 570 2499 tanquam
625 2432 842 2502 ejusdem
902 2432 1162 2503 dignitatis
1216 2445 1268 2487 et
1325 2435 1637 2488 auctoritatis
1693 2435 1938 2489 heredem.

128 2515 258 2568 Hinc
287 2517 401 2586 jure
436 2514 767 2569 Bellarminus
803 2517 856 2569 in
892 2527 1057 2580 textu,
1094 2538 1239 2588 quem
1262 2517 1306 2571 F
1311 2521 1545 2573 ebronius
1583 2521 1651 2590 (t.
1685 2521 1730 2572 l.
1766 2541 1813 2591 p.
1840 2522 1940 2591 47)

129 2599 309 2676 recitat
345 2609 396 2653 et
431 2596 623 2669 laudat,
663 2602 891 2674 scripsit:
944 2607 1246 2671 fSuccessio
1286 2624 1414 2674 cryc
1461 2609 1582 2674 ipsa
1628 2625 1700 2658 cx
1745 2608 1945 2659 Christi

130 2688 366 2739 instituto
402 2693 455 2738 et
471 2691 605 2757 jure
641 2688 820 2741 divino
859 2697 959 2750 est,
1007 2695 1133 2759 quia
1177 2691 1417 2744 Christus
1473 2694 1587 2759 ipsc
1625 2695 1851 2745 instituit
1889 2696 1942 2744 in

133 2770 298 2821 Petro
338 2770 716 2839 Pontificatum
763 2776 1078 2828 duraturum
1122 2795 1287 2845 usquc
1333 2778 1388 2826 in
1418 2780 1579 2845 finem
1615 2781 1797 2830 mundi
1813 2799 1828 2828 .-
1879 2797 1943 2829 ac

124 2855 355 2922 proinde
392 2858 686 2924 quicunque
727 2857 894 2910 Petro
930 2864 1190 2920 succedit,
1214 2918 1217 2921 ,
1243 2881 1277 2912 a
1322 2859 1532 2914 Christo
1568 2865 1766 2928 accipit
1800 2863 1943 2916 Pou-

132 2942 398 3008 tifi'catum.
471 2937 641 2992 Extra
676 2941 803 2994 hanc
850 2945 1212 3005 successionem
1247 2942 1599 2996 Pontificatum
1637 2965 1724 2998 seu
1761 2947 1944 3017 prima·

132 3033 234 3075 tum
271 3023 572 3095 constituere
611 3035 670 3078 uet
715 3028 992 3081 transferre
1039 3028 1101 3081 ad
1155 3028 1300 3082 alium
1337 3026 1660 3100 Episcopum,
1711 3031 1794 3101 qui
1833 3050 1943 3085 suc-

132 3125 304 3162 cessor
340 3107 485 3162 Petri
520 3127 620 3161 non
659 3110 742 3175 sit,
780 3121 954 3164 contra
986 3111 1176 3166 Christi
1211 3113 1569 3168 institutionem
1606 3128 1755 3169 esset.
1802 3116 1946 3169 Hanc

133 3211 255 3247 vero
302 3194 690 3262 translationem³
716 3194 996 3251 Febronius
1032 3196 1287 3254 Ecclesiae
1323 3200 1570 3254 voluntati
1619 3220 1675 3253 ac
1711 3202 1944 3273 benepla-

134 3277 231 3331 cito
266 3279 439 3331 tribuit
470 3297 543 3333 cx
569 3299 628 3333 eo
667 3280 921 3352 principio,
960 3299 1055 3351 quo
1075 3289 1396 3350 potestatem
1419 3287 1647 3339 clavium
1671 3295 1724 3339 et
1745 3307 1945 3340 omnem

135 3363 560 3431 Ecclesiasticam
588 3369 1023 3438 jurisdictionem
1070 3367 1167 3438 ipsi
1203 3366 1462 3422 Ecclesiae
1515 3369 1791 3425 immediate
1840 3381 1946 3437 tra-

134 3445 285 3500 ditam
323 3450 682 3515 autumat3ita
719 3461 773 3503 ut
809 3470 906 3504 non
947 3451 1105 3505 minus
1143 3453 1317 3507 electio
1356 3458 1660 3509 successoris
1698 3454 1754 3509 S.
1781 3456 1944 3521 Petri,
