2326 3854
124 395 224 431 non
261 377 356 430 erit
392 376 760 429 necessarium?
800 374 1164 433 Necessitatem
1188 372 1421 444 Episcopi
1452 372 1623 443 capitis
1661 373 1711 423 in
1750 373 1923 441 quavis

125 461 407 534 particulari
441 461 662 527 ecclesia,
700 478 807 517 non,
836 460 886 512 in
923 478 1107 512 meram
1145 458 1468 530 praesentiam
1508 467 1593 510 aut
1629 475 1922 527 repraesen-

124 547 362 600 tationem
396 546 548 616 ipsius
585 544 820 614 ecclesiae
856 545 1025 596 retulit
1062 544 1189 595 idem
1216 542 1516 616 CyprianuS,
1555 543 1640 595 sed
1675 543 1726 593 in
1754 552 1923 595 aucto-

127 632 290 685 ritatis
327 629 689 691 necessitatem,
739 626 810 680 Ut
843 632 1065 685 ecclesia
1099 649 1258 697 super
1295 634 1439 698 ipsos
1474 631 1839 689 constituatur,
1878 637 1927 680 et

127 720 290 768 omnis
336 722 481 767 actus
530 715 784 765 ecclesiae
816 732 918 780 per
964 716 1172 765 eosdem
1203 719 1541 783 praepositos
1574 715 1923 783 yubernetur:

125 810 175 858 et
227 800 279 853 in
332 799 457 850 hunc
510 798 654 849 finem
713 797 1105 867 jurisdictionem
1159 817 1217 850 ac
1273 809 1570 868 potestatem
1627 799 1835 854 clavium
1897 817 1925 850 a

126 883 325 939 Christo
359 872 592 935 traditam
628 901 685 952 p1
688 900 949 935 aenussum
995 884 1056 935 ab
1093 901 1152 935 eo
1188 883 1519 936 testimonum]
1559 902 1626 936 ex
1666 883 1924 937 Matthaeo

122 987 172 1038 cg
208 969 291 1021 16.
331 967 455 1020 satis
492 966 739 1045 indigitat.
813 969 1022 1042 Idipsum
1073 968 1256 1020 clarius
1305 969 1562 1038 explicans
1601 967 1720 1022 Cle1
1725 988 1780 1022 us
1819 968 1926 1021 Ro-

122 1070 295 1105 manus
339 1052 390 1103 in
438 1052 616 1105 litteris
665 1053 725 1104 ad
769 1053 925 1122 ipsum
963 1051 1271 1124 Cyprianum
1309 1053 1436 1105 datis
1472 1063 1584 1123 post
1620 1053 1676 1105 S.
1716 1052 1926 1107 Fabiani

100 1125 355 1205 mortem,
390 1137 551 1189 innuit
585 1155 639 1189 se
677 1155 775 1188 non
813 1155 958 1207 posse
995 1138 1253 1206 quidquam
1290 1139 1558 1189 decernere
1593 1139 1645 1189 in
1684 1157 1832 1191 causa
1869 1140 1926 1190 de

123 1222 292 1293 lapsiS,
329 1223 387 1275 de
423 1231 520 1291 qua
541 1221 773 1274 Africani
810 1222 1131 1293 scripserant,
1170 1223 1262 1275 hac
1298 1221 1491 1274 ratione
1517 1223 1663 1275 allata
1691 1221 1814 1293 (Ep.
1836 1223 1924 1274 32.

124 1308 251 1361 inter
286 1305 588 1377 Cypriam),
635 1307 750 1376 quia
796 1308 1007 1359 nondum
1032 1306 1257 1360 ‘Fabiani
1305 1324 1564 1360 successor
1611 1309 1773 1360 fuerat
1810 1308 1926 1360 con-

121 1391 320 1445 stitutus
340 1430 354 1455 ,
411 1394 503 1460 qui
554 1395 727 1445 omnia
776 1396 877 1445 ista
933 1396 1259 1454 moderetur,
1315 1401 1366 1445 et
1401 1412 1606 1453 eorum,
1651 1397 1740 1462 qui
1788 1395 1929 1461 lapsi

121 1484 256 1536 sunt,
286 1479 460 1544 possit
492 1495 610 1529 cum
648 1476 1208 1532 AUCTORITATE
1244 1486 1295 1531 et
1337 1479 1696 1533 CONSILIO
1733 1479 1926 1530 habere

121 1565 394 1614 rationem.
487 1563 774 1615 Consilium
823 1564 883 1616 ad
930 1563 1276 1626 directionem,
1332 1567 1622 1617 auctoritas
1672 1565 1730 1616 ad
1772 1563 1925 1633 juris-

122 1646 384 1699 dictionem
420 1655 471 1699 et
507 1647 605 1700 vim
643 1647 912 1701 coactivam
954 1651 1186 1701 refertur.
1263 1647 1323 1706 Si
1366 1648 1418 1699 in
1467 1649 1672 1701 concilio
1711 1649 1926 1718 particu-

120 1732 215 1784 lari
253 1731 510 1785 Romanae
543 1730 800 1785 Ecclesiae
837 1743 980 1786 tanta
1016 1733 1192 1805 capitis
1230 1733 1504 1786 necessitas
1541 1743 1636 1797 est,
1674 1752 1840 1786 nonne
1877 1734 1925 1784 in

121 1817 414 1871 universalis
436 1831 439 1834 ’
463 1835 655 1886 quoque
702 1815 955 1877 Ecclesiae
1004 1819 1226 1890 synode,
1287 1817 1330 1870 si
1376 1835 1476 1869 non
1525 1820 1709 1888 major,
1757 1819 1927 1883 eadem

121 1903 294 1954 saltem
350 1901 524 1972 capitis
588 1903 891 1967 uecessitaS,
955 1904 1220 1972 eademque
1284 1902 1600 1955 necessitatis
1665 1903 1793 1955 ratio
1852 1913 1929 1956 est

118 1987 460 2057 agnoscenda,
497 1986 595 2051 ita,
645 1997 698 2038 ut
733 1986 790 2040 S.
829 1986 983 2040 Petri
1009 2005 1324 2051 successores
1361 1997 1595 2056 tanquam
1633 1988 1927 2042 universalis

118 2069 376 2125 Ecclesiae
424 2081 475 2124 et
524 2073 828 2142 generalium
877 2071 1210 2127 Conciliorum
1257 2072 1418 2143 capita
1465 2081 1711 2143 potestate
1741 2072 1852 2136 'sibi
1899 2091 1926 2124 a

120 2154 322 2210 Christo
357 2156 550 2210 tradita
579 2166 809 2223 utentes,
845 2159 1010 2211 onmia
1047 2167 1191 2228 gesta
1226 2176 1327 2210 non
1363 2158 1525 2210 minus
1564 2158 1773 2214 consilio!
1807 2158 1925 2208 diri-

121 2251 270 2310 gant,
307 2259 453 2309 quam
487 2232 730 2301 muniant,
747 2242 1042 2295 auctoritate
1079 2253 1228 2312 atque
1264 2245 1546 2309 consensu?
1620 2242 1765 2295 Hunc
1803 2261 1924 2311 quo-

121 2343 215 2394 que
251 2336 542 2379 consensum
579 2327 799 2396 profecto
848 2326 1011 2397 exigit
1057 2327 1172 2379 illud
1221 2328 1406 2398 pluries
1452 2327 1713 2397 repetitum
1760 2337 1809 2379 et
1844 2327 1919 2378 in-

121 2421 314 2482 gestum
353 2411 747 2465 adversariorum
782 2412 930 2465 veluti
979 2411 1207 2476 axioma,
1254 2431 1350 2481 quo
1400 2412 1703 2482 generalium
1741 2409 1923 2464 Conci-

121 2496 296 2549 liorum
325 2496 432 2554 ‚vim
469 2495 683 2548 omnium
720 2494 991 2556 maximam
1039 2516 1099 2550 ac
1133 2499 1278 2568 plane
1322 2497 1554 2568 invictam
1593 2497 1838 2550 collocant
1874 2496 1925 2548 in

119 2598 363 2634 consensu
409 2581 630 2652 corporis
672 2579 1032 2652 Episcoporum
1081 2600 1188 2634 cum
1238 2586 1416 2653 capite.
1503 2580 1615 2648 Quo
1654 2582 1924 2652 respiciens

120 2665 394 2726 Bossuetus
463 2664 584 2736 (lib.
655 2667 705 2720 7.
772 2668 1138 2735 Defensionis'
1165 2669 1229 2720 al.
1302 2669 1385 2720 10«.
1450 2687 1495 2720 c.
1564 2663 1648 2719 134
1683 2663 1687 2665 ⁴
1733 2685 1779 2718 n.
1835 2665 1921 2736 9.)

125 2759 238 2820 post
316 2750 514 2809 laudata
589 2752 824 2819 quaedam
889 2770 958 2805 ex
1035 2753 1158 2806 actis
1233 2751 1473 2823 Ephesini
1538 2762 1589 2805 et
1651 2749 1923 2804 Chalcedo-

122 2833 290 2887 nensis
350 2833 544 2909 concilii
593 2835 777 2900 verba,
841 2828 1014 2905 quilius
1082 2837 1207 2891 idem
1267 2854 1540 2891 consensus
1604 2836 1920 2907 exprimitur,

123 2917 346 2988 scripsit:
412 2919 564 2970 Haec
600 2938 726 2988 erqo
763 2937 961 2974 summa
1007 2926 1326 2986 auctoritas,
1371 2943 1571 2976 summa
1619 2925 1723 2982 vis,
1778 2925 1924 2990 'quod

123 3005 348 3056 membra
397 3011 446 3055 et
492 3007 629 3055 inter
676 3023 758 3064 se,
817 3014 867 3057 et
890 3023 899 3040 -·
917 3007 1159 3058 Romano
1211 3008 1464 3077 Pontifici
1506 3013 1921 3079 conjunyuntur:

122 3091 268 3156 'quod
313 3107 383 3141 ex
431 3091 773 3141 consensione
820 3092 1064 3143 invictum
1101 3093 1464 3145 Ecclesiastici
1499 3095 1704 3162 judicii
1739 3093 1918 3144 robur.

124 3170 192 3223 Et
243 3166 470 3229 Similiter
524 3173 607 3225 lib.
663 3174 715 3227 8.
777 3193 819 3226 c.
858 3176 908 3228 9.
935 3210 939 3212 -
966 3186 1081 3245 pag.
1121 3177 1208 3228 8'7v
1247 3176 1613 3230 constitutivum
1648 3185 1731 3228 ·et
1784 3178 1923 3244 quasi

125 3267 448 3323 caracterem,
497 3278 600 3328 quo
638 3263 830 3330 synodi
865 3263 1228 3313 oecumenicae
1267 3268 1598 3320 asserantur,
1650 3281 1789 3321 esse,
1834 3261 1920 3320 ait,

124 3343 397 3395 Ecclesiae
428 3347 742 3397 universalis
778 3365 1084 3398 consensum
1120 3363 1237 3398 cum
1259 3345 1600 3427 Apostolicae
1627 3349 1774 3399 sedis
1804 3366 1921 3399 con-

121 3431 416 3494 firmatione
452 3435 794 3499 conjunctum.
870 3429 967 3483 Ubi
1004 3430 1158 3500 igitur
1196 3431 1321 3483 desit
1371 3431 1662 3498 consensio,
1710 3443 1809 3484 seu
1835 3450 1919 3500 ap-
