2326 3854
1065 148 1174 183 vul

193 305 411 361 stinctio
444 319 621 378 nuper
660 303 880 359 invecta
911 305 1055 359 inter
1094 300 1409 376 Episcopos
1447 301 1791 358 distributive
1825 307 1887 360 et*
1914 304 2041 360 col-

191 394 396 448 lective
432 395 699 465 sumptos·
759 389 910 446 Ante
941 389 1282 464 deploranda
1314 390 1507 465 magni
1540 388 1854 445 schismatis
1891 395 2042 446 tem-

192 498 332 555 pora
365 480 550 535 nullus
574 477 836 550 Patrum,
885 478 1071 533 nullus
1097 477 1520 553 'Plieologorum
1547 473 1828 554 (graecos
1854 477 2043 534 schis-

193 569 424 633 maticos
462 570 588 642 post
614 565 799 622 Photii
825 560 1252 639 Caerulariique
1298 569 1551 640 tempora
1597 566 1848 639 aliosque
1893 566 2044 621 hae-

192 657 396 712 reticos
445 657 686 730 excipio,
735 670 966 728 quorum
1003 655 1272 710 autoritas
1308 654 1416 710 hac
1450 656 1505 709 in
1538 671 1600 709 re
1640 656 1856 710 omnino
1890 654 2047 709 nulla

196 747 303 820 est⁷
353 745 551 819 quippe
599 760 724 798 cum
768 741 968 798 horum
1004 743 1244 800 omnium
1290 759 1361 802 ea
1405 759 1529 799 sors
1577 743 1685 819 sit7
1712 747 1823 818 lut,
1872 737 2044 797 Card.

192 830 521 888 Bellarmini
565 831 741 887 verba
801 834 958 908 sunt,
1019 831 1200 908 „dum
1248 832 1303 886 in
1359 830 1484 887 aliis
1540 830 1890 906 dogmatibus
1936 847 2047 886 non

192 921 372 976 minus
418 920 563 975 inter
609 935 696 990 se,
746 936 909 994 quam
955 936 990 973 a
1019 920 1175 975 nobis
1212 918 1575 995 dissentiunt,
1623 919 1680 973 in
1709 917 1816 974 hoc
1862 921 2047 974 tamen

195 1007 561 1082 conveniant,
608 1010 670 1062 ut
714 1008 842 1063 totis
889 1007 1098 1063 viribus
1146 1022 1468 1081 summaque
1515 1007 1867 1062 contentione
1912 1004 2045 1062 Ro-

193 1097 343 1151 mani
383 1092 669 1151 Pontificis
716 1096 1010 1169 primatum
1057 1093 1417 1174 oppugnent)
1464 1094 1704 1170 proferri
1760 1097 1946 1169 potest
1994 1095 2050 1149 in

194 1182 474 1260 medium,
524 1185 614 1257 qui
659 1184 908 1259 publicas
957 1187 1013 1240 et
1059 1201 1132 1240 ex
1165 1176 1454 1240 Cathedra
1496 1184 1836 1257 loquentium
1868 1179 2048 1238 Sum-

195 1289 410 1328 morum
455 1269 785 1328 Pontificum
841 1271 911 1327 de
967 1270 1076 1328 fide
1136 1271 1480 1328 definitiones
1529 1273 1706 1327 errori
1767 1288 1894 1327 esse
1942 1272 2049 1326 ob-

195 1361 418 1437 noxias,
463 1361 726 1435 ipsosque
770 1357 1071 1417 Pontifices
1105 1359 1395 1418 Romanos
1442 1362 1853 1435 quibuscunque
1898 1356 2049 1433 Epi-

197 1446 493 1524 scoporum
538 1450 786 1506 coetibus
834 1450 1115 1520 subjectos
1165 1467 1294 1506 esse
1337 1449 1616 1523 docuerit3
1663 1466 1860 1504 verum
1907 1448 2052 1503 enim

196 1554 334 1592 vero
393 1540 658 1612 quotquot
718 1536 788 1593 de
846 1535 1175 1594 Pontificum
1234 1536 1616 1594 Romanorum
1673 1538 2053 1593 tractaverunt

199 1626 519 1697 autoritate,
570 1643 695 1681 eam
742 1630 799 1682 et
830 1643 1147 1700 supremam
1180 1643 1309 1681 esse
1343 1629 1399 1681 et
1442 1623 1791 1681 infallibilem
1832 1640 2053 1697 semper

198 1714 388 1769 testati
434 1716 581 1768 sunt.
639 1712 971 1769 Dissidium
1016 1713 1154 1769 illud
1199 1715 1342 1770 inter
1386 1711 1740 1769 Bonifacium
1783 1711 1937 1766 VIII.
1999 1714 2055 1766 et

197 1799 516 1876 Philippum
544 1798 850 1857 Pulchrum
891 1801 1098 1858 multos
1132 1799 1428 1859 Gallorum
1472 1803 1686 1857 animos
1734 1817 2053 1875 exaspera-

197 1892 398 1965 verat,
456 1892 518 1944 ut
559 1889 669 1945 hoc
714 1889 1169 1946 intermortales
1229 1888 1363 1953 fieri*
1395 1878 1642 1962 assolet3
1702 1889 2054 1944 nihilominus

197 1978 306 2052 ipsi
340 1976 653 2033 adversarii
682 1978 836 2034 initio
869 1977 1081 2033 saeculi
1113 1968 1278 2033 XIV.
1325 1978 1379 2032 in
1412 1977 1615 2050 scripto
1646 1977 1867 2032 nomine
1902 1973 2052 2030 Gal-

198 2066 418 2121 licanae
476 2067 715 2122 nationis
775 2070 968 2122 contra
1011 2063 1363 2122 Bonifacium
1407 2062 1567 2119 VIII.
1661 2060 1938 2121 Clementi
1983 2062 2053 2118 V.

202 2154 419 2210 oblato:
470 2172 623 2230 „non
653 2156 956 2230 quaeritur,
978 2154 1262 2232 inquiunt,
1294 2153 1362 2210 de
1393 2153 1622 2209 haeresi
1642 2151 1837 2227 Papae
1869 2170 2052 2227 quon-

202 2241 329 2298 dam
374 2245 434 2298 ut
476 2241 706 2320 Papae,
754 2242 855 2298 sed
900 2246 961 2298 ut
1005 2244 1258 2317 privatae
1305 2259 1615 2317 personae3
1662 2258 1766 2297 nec
1807 2245 1866 2296 ut
1896 2239 2056 2315 Papa

200 2332 378 2405 potuit
425 2348 553 2386 esse
584 2330 935 2402 haereticus,
986 2331 1086 2387 sed
1131 2335 1191 2387 ut
1222 2331 1443 2405 privata
1471 2347 1734 2405 persona.
1791 2328 1918 2385 Nec
1940 2347 2054 2384 un-

203 2436 367 2492 quam
414 2419 613 2494 aliquis
660 2417 820 2494 Papa
864 2423 926 2474 ut
970 2417 1131 2493 Papa
1175 2420 1352 2494 potuit
1397 2435 1526 2474 esse
1573 2418 1911 2477 haereticus,
1980 2415 2057 2473 Et

200 2507 361 2583 ideo,
411 2525 535 2563 cum
582 2506 651 2562 de
700 2512 822 2578 ejus
866 2508 1068 2563 mortui
1113 2507 1340 2562 haeresi
1385 2507 1695 2582 quaeritur,
1735 2523 1843 2562 non
1890 2506 2057 2561 habet

204 2596 547 2670 congregari
594 2590 906 2651 Concilium
950 2595 1269 2671 generale-⁷
1315 2592 1474 2651 Estis
1521 2595 1667 2657 enim
1711 2612 1837 2665 voS,
1885 2592 2057 2649 Pater

205 2680 606 2740 Sanctissime!
667 2682 812 2738 Jesu
837 2678 1049 2739 Christi
1073 2681 1359 2759 Vicarius‚
1406 2686 1580 2738 totum
1611 2700 1813 2757 corpus
1839 2679 2055 2737 Eccle-

204 2773 324 2827 siae
370 2776 838 2848 repraesentanS,
887 2772 978 2845 qui
1024 2772 1216 2827 claves
1262 2772 1429 2848 regni
1476 2770 1759 2827 coelorum
1803 2771 2055 2826 habetis:

205 2878 310 2916 nec
358 2864 768 2937 congregatum
813 2863 990 2916 totum
1026 2855 1341 2916 Concilium
1386 2859 1660 2936 generale
1709 2860 1830 2916 sine
1875 2860 2056 2931 vobiS,

208 2952 264 3003 et
308 2950 414 3005 nisi
459 2967 560 3025 per
591 2966 692 3005 vos
724 2952 918 3024 posset
949 2942 1366 3025 cognoscere.⁶⁶
1426 2945 1587 3004 Haec
1620 2948 1816 3019 verba,
1866 2950 2056 3002 atten-

206 3037 278 3092 tis
307 3038 490 3094 ‘simul
537 3038 992 3112 circumstantiis⁷
1053 3038 1273 3094 nomine
1321 3038 1488 3092 totius
1534 3036 1789 3095 nationis
1818 3035 2056 3110 prolata,

207 3128 320 3180 tam
365 3127 663 3201 perspicua
710 3144 776 3181 ac
821 3126 1106 3182 luculenta
1152 3129 1313 3198 sunt,
1362 3129 1422 3181 ut
1464 3124 1603 3180 nihil
1645 3124 1850 3198 magis·
1933 3121 2057 3177 Fa-

207 3230 396 3269 mosus
443 3216 564 3290 ipse
597 3213 940 3271 Academiae
961 3211 1299 3270 Parisiensis
1346 3211 1619 3287 quondam
1667 3210 2056 3287 cancellarius⁷

209 3298 462 3363 ,Ioannes
488 3299 773 3375 Charlier,
800 3300 1112 3358 Gersonius
1131 3303 1341 3376 passim
1365 3299 1702 3376 appellatus7
1727 3299 1820 3354 lib.
1847 3296 2056 3361 (16Ρο-

211 3392 414 3448 testate
446 3387 876 3466 Ecclesiastica⁷
911 3387 1266 3448 Considerat.
1291 3386 1428 3444 XII.
1461 3386 1668 3466 „Ante
1716 3386 2057 3443 celebratio—

212 3493 360 3555 nem,
388 3479 594 3555 inquit,
630 3483 1023 3534 sacrosanctae
1054 3481 1221 3552 huJus
1248 3474 1692 3534 Constantiensis
1724 3472 1946 3548 Synodi
1979 3475 2060 3530 sic
