2326 3854
698 202 1297 256 —--11——-

95 369 349 436 Ecclesia,
391 368 697 440 jurisdictio,
743 365 896 419 Petro
936 375 986 418 et
1021 363 1278 435 Apostolis
1316 363 1494 416 collata
1532 363 1593 415 ob
1632 364 1894 433 regendam

96 454 398 520 Ecclesiam,
434 473 533 507 non
572 454 778 506 debebat
815 470 922 504 cum
959 450 1055 509 illis
1093 448 1348 519 extingui,
1387 448 1472 500 sed
1503 448 1565 500 ad
1589 467 1758 501 eorum
1785 466 1895 502 suc-

98 559 324 594 cessores
363 540 568 592 debebat
604 536 838 591 transire.
889 534 996 602 Hac
1033 535 1092 588 de
1130 552 1281 588 causa
1316 533 1498 605 optime
1532 531 1775 588 Petavius
1811 532 1893 584 lib.

98 626 149 678 3.
202 626 260 678 de
307 624 448 676 Hier.
495 620 631 676 Eccl.
682 639 724 674 c.
766 622 850 673 16.
891 639 941 671 n.
979 621 1031 673 8.
1084 620 1211 673 hanc
1247 618 1464 670 maxime
1502 635 1772 687 congruam
1811 635 1894 671 ra—

97 711 278 762 tionem
324 707 530 772 addidit,
580 725 676 758 cur
720 708 982 757 interdum
1020 724 1052 756 a
1092 706 1342 757 Patribus
1381 706 1610 772 antiquis
1647 721 1754 754 non
1792 709 1898 754 tam

99 795 264 846 Petro
301 810 457 861 quam
491 794 591 843 toti
627 791 902 842 Ecclesiae
951 793 1332 841 communicata
1381 791 1592 841 dicatur
1630 788 1891 839 Ecclesia-

97 882 228 930 stica
246 878 583 947 jurisdictio:
623 883 682 927 ut
715 877 817 927 hoc
847 882 1012 944 pacto
1051 877 1410 926 demonstrent
1430 893 1537 926 non
1574 876 1651 925 sic
1670 876 1898 941 affioeam

98 970 148 1014 et
182 964 448 1013 addictam
484 964 578 1012 uni
612 962 697 1012 illi
725 963 945 1028 fuisse,
982 967 1034 1011 et
1067 963 1222 1029 quasi
1257 962 1705 1026 circumscriptam
1746 960 1897 1011 unius

90 1065 352 1115 persona,
387 1053 446 1097 ut
481 1065 542 1098 eo
580 1047 813 1109 sublato,
851 1049 1007 1097 etiam
1043 1048 1142 1097 illa
1167 1047 1409 1113 periret,
1444 1062 1542 1095 nec
1579 1045 1805 1115 amplius
1842 1046 1897 1095 in

98 1133 340 1183 Ecclesia
375 1139 621 1183 maneret.
697 1131 844 1199 Eryo
881 1137 1093 1182 eatenus
1131 1130 1408 1182 Ecclesiae
1443 1130 1699 1180 traditam
1729 1131 1898 1195 fuisse

96 1218 421 1285 intelliyunt‚
458 1219 602 1286 quod
627 1222 894 1284 perpetuo
931 1217 1090 1269 habet
1125 1217 1222 1267 illa
1259 1231 1586 1266 successores
1615 1217 1898 1282 potestatis

97 1321 161 1354 ac
208 1303 478 1370 dignitatis
523 1305 692 1355 istius.
777 1301 1227 1362 Quemadmodum
1272 1303 1364 1370 qui
1399 1302 1531 1352 dicit
1564 1288 1900 1351 Francorum

91 1388 296 1455 populo
345 1390 548 1455 reyiam
586 1394 902 1455 potestatem
951 1405 1253 1439 concessam
1284 1389 1482 1454 fuisse,
1533 1385 1672 1436 nihil
1706 1387 1899 1453 siqnifi'-

95 1479 185 1523 cat
217 1473 393 1532 aliud,
427 1475 534 1524 nisi
569 1491 679 1525 esse
717 1474 791 1524 ibi
825 1490 1029 1540 semper
1067 1474 1296 1541 aliquem
1332 1474 1425 1541 qui
1459 1477 1672 1540 regnet,
1725 1477 1776 1521 et
1801 1488 1899 1537 po-

95 1563 331 1608 testatem
367 1559 517 1609 illam
551 1575 658 1609 uon
697 1565 991 1627 exequatur
1028 1560 1214 1620 modo,
1263 1559 1360 1610 sed
1402 1559 1459 1608 in
1505 1575 1559 1608 se
1598 1556 1900 1606 haerentem

98 1661 162 1696 ac
197 1645 508 1695 residentem
544 1645 902 1711 circumferat.
952 1641 1061 1695 Hoc
1099 1642 1290 1712 quidem
1330 1659 1480 1694 sensu
1517 1637 1749 1692 Christus
1787 1658 1899 1710 per-

96 1735 289 1795 petuam
337 1726 646 1780 durationem
693 1728 1086 1799 significaturUS,
1136 1726 1293 1780 Petro
1341 1735 1391 1778 et
1434 1725 1694 1796 Apostolis
1741 1725 1898 1778 dixit:

99 1814 263 1873 Ecce,
303 1832 398 1882 eqo
435 1813 694 1866 vobiscum
730 1833 843 1866 sum
881 1813 1080 1884 (utique
1109 1814 1161 1865 in
1187 1809 1588 1882 successoribus)
1627 1829 1791 1880 usque
1830 1814 1904 1863 ad

97 1901 592 1951 consummationem
639 1902 840 1952 saeculi
887 1899 1099 1970 (Matth.
1148 1899 1235 1966 28,
1286 1896 1423 1964 2⁰.)
1499 1895 1686 1949 Eadem
1734 1896 1901 1967 itaque

95 1992 315 2055 potestas
358 2000 455 2055 seuv
491 1983 769 2054 jurisdictio
807 1983 1192 2048 Ecclesiastica,
1241 2000 1310 2035 ex
1350 1979 1541 2035 Christi
1587 1982 1902 2036 institutione

96 2065 147 2117 in
176 2065 324 2120 >Petri
361 2077 412 2120 et
447 2067 803 2140 Apostolorum
842 2087 1156 2123 successores
1192 2077 1498 2140 propagata,
1543 2069 1604 2120 ad
1642 2068 1900 2122 Romanos

97 2150 390 2220 PontificeS,
442 2154 524 2223 qui
563 2155 830 2208 succedunt
867 2153 923 2208 S.
963 2154 1151 2220 Petro,
1197 2165 1248 2208 et
1287 2154 1346 2207 ad
1384 2153 1538 2222 alioS,
1599 2172 1720 2223 quos
1757 2154 1899 2226 Apo-

99 2236 212 2288 stoli
247 2238 608 2297 constituerunt
643 2239 936 2312 EpiscopoS,
977 2240 1154 2310 quique
1194 2240 1547 2311 Apostolorum
1585 2258 1900 2295 successores

101 2322 350 2387 existunt,
387 2325 639 2394 pervenit:
691 2335 838 2395 atque
875 2325 1056 2378 idcirco
1095 2326 1264 2379 eodem
1302 2325 1468 2378 divino
1500 2327 1616 2395 jure
1655 2326 1747 2378 his*
1769 2344 1902 2378 com-
1953 2368 1956 2372 Α

100 2407 250 2476 petit3
291 2417 438 2478 atque
471 2407 523 2460 in
547 2408 716 2462 iisdem
733 2448 747 2473 ,
786 2410 867 2478 qui
893 2411 1198 2463 constituunt
1223 2428 1398 2481 corpus
1425 2410 1691 2480 primorum
1717 2408 1900 2462 Pasto-

101 2511 234 2556 rum,
280 2493 556 2547 immediate
606 2494 816 2558 residet,
868 2506 923 2547 ut
970 2497 1020 2547 in
1057 2495 1212 2548 Petro
1253 2507 1302 2548 ct
1337 2495 1596 2566 Apostolis
1634 2494 1896 2547 residebat.

100 2576 227 2631 Hinc
264 2588 424 2632 autem
462 2579 641 2648 liquet,
691 2598 835 2648 quam
883 2580 1019 2632 iners
1068 2590 1118 2633 et
1153 2581 1301 2633 inane
1339 2581 1405 2633 sit
1442 2580 1557 2648 illud
1595 2581 1899 2649 quorundam

103 2663 498 2716 adversariorum
537 2674 905 2734 argumentum,
957 2665 1039 2735 qui
1087 2676 1139 2717 ut
1175 2667 1385 2737 probent
1422 2665 1585 2719 claves
1622 2664 1901 2718 immediate

101 2765 201 2798 non
235 2747 387 2799 fuisse
425 2749 627 2802 collatas
663 2749 828 2805 Petro
859 2760 908 2803 et
945 2750 1231 2822 Apostolis,
1270 2752 1361 2804 hac
1395 2769 1463 2803 ex
1490 2751 1738 2803 sententia
1764 2752 1903 2820 sequi

103 2830 357 2894 dictitant,
392 2832 525 2899 ipsas
562 2834 727 2886 claves
764 2853 872 2887 cum
911 2854 1082 2888 eorum
1118 2838 1278 2888 morte
1311 2835 1547 2888 defecisSe
1572 2836 1624 2888 in
1648 2835 1901 2889 Ecclesia:

105 2934 260 2984 neque
309 2916 439 2968 enim
489 2917 725 2970 defecisse
763 2919 995 2979 dicendae
1033 2930 1176 2984 sunt,
1232 2938 1356 2990 quae
1392 2931 1505 2992 post
1539 2921 1731 2973 illorum
1770 2941 1902 2974 mor-

102 3011 199 3052 tem
240 2998 441 3054 Christo
479 3000 783 3054 instituente
805 3003 858 3054 in
895 3022 1065 3056 eorum
1095 3006 1420 3058 ‘successores
1458 3006 1698 3059 dehebant
1734 3016 1901 3059 trans-

104 3085 207 3149 ire,
259 3095 308 3137 et
352 3086 401 3136 in
442 3086 966 3157 successoribus-ipsis
1004 3100 1198 3160 semper
1236 3108 1435 3143 manere
1472 3111 1635 3160 usque
1674 3094 1748 3142 ad
1782 3110 1900 3142 con-

106 3175 494 3224 summationem
530 3174 731 3225 saeculi
746 3171 804 3241 ¹).
877 3175 884 3177 *
1364 3166 1365 3169 Ἴ

172 3371 206 3421 ¹)
238 3375 329 3425 Ipse
369 3375 585 3428 primatus,
628 3377 728 3418 licet
770 3378 968 3428 singulari
1009 3390 1208 3430 personae
1240 3381 1285 3422 S.
1317 3381 1429 3421 Petri
1460 3381 1636 3420 tributus
1666 3393 1692 3421 a
1721 3381 1901 3432 Christo,

109 3442 196 3470 cum
239 3434 324 3482 ejus
362 3437 493 3474 morte
535 3446 617 3474 non
656 3435 802 3482 desiit,
850 3436 943 3486 quia
982 3436 1159 3477 debebat
1203 3437 1257 3478 ad
1287 3450 1550 3479 successores
1582 3441 1667 3490 ejus
1694 3441 1896 3485 transire3
