2326 3854
937 138 1598 195 ——120—

337 299 515 353 derent
551 302 605 354 in
655 303 794 375 ipsos
831 303 1131 376 PrincipeS,
1182 303 1362 376 quippe
1411 306 1496 375 qui
1543 308 1781 361 omnibus·
1825 310 2032 364 subditis
2072 321 2188 364 sunt

337 388 656 458 superiores3
701 390 830 443 haud
869 390 1046 456 video,
1096 409 1196 461 qua
1241 392 1566 446 cohaerentia
1603 394 1800 466 possint
1838 397 2187 452 scandalorum

337 476 539 530 nomine
567 478 652 548 jus
690 476 973 530 coactivum
1009 478 1235 532 tribuere
1271 479 1594 550 generalibus
1644 481 1854 554 synodis
1893 501 2045 556 supra
2082 485 2190 539 Ro-

340 651 549 720 synodis
588 660 708 703 sunt
744 651 940 723 pariter
977 653 1284 726 superiores,

481 738 534 789 4.
612 737 735 792 Alia
771 739 976 811 speciali
1012 741 1370 796 observatione
1407 741 1665 798 Pontificii
1703 745 1949 817 primatus
1988 747 2192 819 propria

334 822 383 874 id
422 823 703 879 evidentius
741 826 843 881 fiet.
922 825 1053 882 Cum
1090 827 1238 900 Papa
1276 847 1348 882 ex
1385 830 1532 884 dictis
1584 833 1816 904 superior
1854 833 1922 885 sit
1960 833 2191 887 omnibus

337 910 536 964 ratione
575 912 854 984 primatus3
894 934 1044 970 nemo
1082 915 1294 970 inferior
1323 918 1442 988 jure
1481 918 1708 973 coactivo
1746 919 1802 972 in
1836 920 1997 991 ipsum
2037 939 2191 992 agere

334 999 549 1069 poterit,
599 999 700 1054 nisi
753 1001 892 1074 prius
942 1002 988 1058 is
1033 1003 1280 1076 spolietur
1330 1005 1504 1058 eodem
1543 1006 1793 1078 primatu,
1837 1025 1934 1076 quo
1972 1008 2190 1060 omnium

325 1086 728 1156 jurisdictionem
776 1091 998 1144 excedit.
1085 1090 1348 1145 Primatus
1400 1102 1595 1158 autem,
1653 1093 1738 1164 qui
1791 1093 1940 1146 unius
1997 1103 2192 1148 tantum

333 1172 598 1229 Pontificis
655 1179 939 1248 personalis
1016 1189 1122 1245 est,
1192 1197 1287 1233 nec
1335 1177 1586 1233 Pontifice
1648 1189 1847 1234 mortuo
1909 1180 1963 1233 in
2023 1182 2192 1254 plures

332 1260 581 1323 electores
641 1264 757 1319 novi
807 1263 1073 1319 Pontificis
1118 1267 1388 1333 transivit,
1456 1285 1559 1320 non
1606 1267 1668 1321 ab
1714 1266 1840 1339 ipsis
1891 1267 2192 1321 electoribus

333 1347 552 1417 primatu
601 1351 918 1419 carentibuS‚
981 1354 1071 1407 sed
1119 1373 1150 1407 a
1198 1353 1312 1410 Deo
1364 1354 1650 1408 immediate
1681 1355 1960 1408 ”confertur
2009 1355 2188 1410 electo.

330 1433 468 1487 Num
513 1439 645 1506 quod
691 1457 722 1492 a
757 1438 872 1493 Deo
910 1440 1195 1495 immediate
1243 1442 1480 1495 collatum
1518 1451 1599 1495 est
1630 1455 1766 1496 novo
1805 1440 2076 1507 Pontifici,
2099 1514 2103 1517 Ἴ
2127 1442 2190 1496 ob

331 1524 571 1577 scandala
608 1543 700 1579 seu
737 1537 1005 1600 corruptos
1030 1547 1219 1594 moreS,
1258 1528 1304 1582 si
1341 1528 1426 1599 qui
1452 1527 1507 1580 in
1531 1528 1642 1601 ipso
1669 1527 1976 1583 reformandi
2001 1539 2191 1595 essent,

331 1612 521 1664 auferri
559 1631 588 1665 a
637 1615 870 1687 quopiam
907 1625 1102 1688 potest,
1149 1625 1202 1669 et
1252 1614 1443 1669 auferri
1486 1615 1784 1688 praesertim
1843 1616 1906 1669 ab
1945 1615 2192 1686 inferiori,

331 1700 409 1752 cui
445 1702 498 1752 in
537 1701 848 1774 superiorem
880 1705 965 1774 jus
1003 1703 1190 1757 nullum
1230 1704 1343 1756 est?
1407 1700 1721 1775 Episcopalis
1752 1702 2039 1776 jurisdictio
2075 1705 2193 1759 licet

330 1786 770 1844 sitinstitutionis
809 1789 1037 1856 divinae,
1088 1808 1190 1843 non
1228 1790 1394 1843 minus
1432 1809 1580 1861 quam
1621 1790 1910 1863 jurisdictio
1950 1791 2191 1863 primatus

330 1872 652 1944 Pontificum,
691 1877 804 1930 ideo
845 1896 915 1932 ex
954 1896 1108 1931 causa
1143 1876 1397 1951 Episcopo
1437 1878 1586 1931 adimi
1623 1889 1792 1951 potest
1831 1896 1862 1931 a
1899 1876 2073 1951 Papa,
2111 1881 2191 1934 vel

332 1981 361 2014 a
403 1960 662 2031 Concili0,
702 1964 816 2035 quia
852 1963 1219 2038 Episcoporum
1259 1965 1550 2037 >jurisdictio
1576 1963 1703 2018 Deo
1740 1964 2039 2021 instituente
2075 1968 2192 2020 sub-

324 2052 465 2121 jecta
518 2052 612 2104 fuit
651 2050 921 2106 Pontificio
967 2071 1025 2106 ac
1063 2051 1371 2126 synodorum
1411 2051 1535 2124 juri.
1612 2050 1745 2106 Vide
1799 2070 1908 2123 cap.
1955 2052 2003 2105 l.
2044 2052 2096 2122 §4
2134 2055 2186 2107 5.

331 2146 382 2191 et
420 2138 472 2190 6.
552 2137 626 2191 At
663 2138 919 2194 Pontificii
958 2140 1202 2213 primatus
1233 2139 1549 2212 jurisdictio,
1600 2137 1731 2191 sicut
1767 2149 1820 2192 et
1856 2139 1966 2211 ipse
2004 2141 2191 2212 prima-

328 2234 430 2291 tus,
470 2227 652 2280 nullius
682 2228 787 2299 juri
825 2230 1049 2300 subjecta
1088 2245 1159 2281 ex
1198 2227 1518 2280 institutione
1556 2225 1741 2290 divina,
1780 2245 1813 2279 a
1849 2226 2070 2294 nemine,
2109 2229 2193 2299 qui

329 2331 530 2385 semper
590 2315 806 2370 inferior
868 2326 947 2370 est
1005 2315 1180 2369 eodem
1229 2313 1508 2378 Pontifice,
1568 2311 1759 2366 auferri
1807 2323 1993 2385 potest.
2079 2314 2193 2370 Hoc

327 2400 628 2474 principium
678 2413 918 2474 tanquam
957 2403 1162 2458 omnino
1220 2413 1411 2457 certum
1461 2400 1579 2455 olim
1628 2400 1944 2454 tradiderunt
1991 2402 2191 2473 quidam

330 2486 576 2560 Magistri
641 2488 969 2545 Parisienses
1037 2490 1092 2543 in
1161 2491 1361 2544 duabus-
1420 2488 1689 2561 (leguntur
1744 2499 1868 2552 tom.
1938 2490 1992 2543 4.
2050 2489 2188 2544 Hist.

329 2575 611 2632 Universit.
638 2576 986 2649 parisiensis)
1026 2577 1255 2649 epistolis
1294 2578 1357 2630 ad
1400 2575 1699 2629 familiarem
1742 2575 2007 2630 Benedicti
2041 2575 2187 2630 ΧΙΠ.

327 2682 473 2733 quem
522 2674 714 2718 certum
762 2663 1062 2718 Pontificem
1101 2663 1412 2735 judicabant.
1464 2661 1544 2715 ,In
1591 2661 1753 2734 prima
1800 2662 2016 2734 epistola
2053 2663 2190 2718 inter

327 2750 520 2822 aliquot
557 2751 911 2822 quaestiones,
963 2769 1088 2822 quas
1139 2751 1408 2805 solvendas
1461 2759 1776 2822 proponunt,
1826 2750 1951 2804 haec
1999 2751 2189 2805 decimo

326 2838 436 2891 loco
475 2839 690 2911 legitur:
746 2840 936 2893 Utrum
975 2841 1156 2901 Deus,
1195 2841 1289 2908 qai
1325 2840 1502 2900 solas,
1541 2845 1595 2891 et
1627 2839 1813 2892 nullus
1853 2840 1994 2891 alius
2013 2841 2188 2908 pleni-

325 2929 564 2980 tudinem
589 2928 1008 3001 Ecclesiasticae
1033 2930 1349 2997 potestatui,
1386 2945 1481 2979 seu
1518 2929 1893 2979 auctoritatem
1921 2926 2191 2995 Papalem

327 3017 463 3067 dare
495 3022 695 3084 potest,
732 3018 950 3068 dederit
982 3034 1220 3086 unquam
1256 3016 1426 3067 alicui
1454 3033 1746 3083 personae,
1784 3014 1872 3065 vel
1905 3017 2188 3066 communi-

325 3106 427 3156 tati
461 3111 680 3156 creatae
701 3110 1022 3172 potestatem
1051 3104 1344 3172 auferendi
1368 3103 1522 3156 illam
1547 3103 1921 3160 auctoritatem
1947 3119 1981 3152 a
2010 3100 2189 3170 Papa,

326 3210 486 3261 quam
533 3194 835 3245 immediate
884 3194 1109 3260 ipsemet
1153 3190 1255 3243 sibi
1303 3191 1552 3243 contulitt
1612 3195 1667 3240 et
1709 3190 1760 3240 si
1807 3190 1910 3248 sic,
1960 3207 2032 3240 ex
2081 3208 2188 3259 quo

326 3286 479 3331 texta
517 3298 709 3333 sacrae
741 3280 1083 3348 scripturae,
1123 3280 1216 3331 vel·
1235 3279 1461 3331 alterius
1486 3280 1869 3348 cujuscunque,
1907 3277 1997 3328 cui
2025 3275 2188 3344 Papa

327 3368 551 3419 credere
589 3373 854 3428 teneatur,
892 3367 996 3419 hoc
1027 3368 1206 3435 possit
1240 3365 1447 3418 haberi.
1523 3360 1592 3414 In*
1621 3360 1781 3414 altera
1809 3380 1932 3415 vero
1972 3361 2187 3434 epistola

326 3453 651 3522 quaestiones
702 3471 793 3508 seu
837 3451 1007 3506 theses
1058 3452 1230 3506 varias
1295 3468 1406 3503 cum
1457 3448 1562 3502 suis
1609 3448 2018 3521 responsionibus
2068 3449 2186 3503 sub-
