2326 3854
723 254 884 260 ww
981 220 1058 277 75
1149 250 1318 257 ,-

119 393 176 445 ad
213 391 421 444 calculos
461 397 719 442 revocata:
775 387 899 437 unde
938 384 1152 437 additur:
1233 383 1280 434 Α
1316 384 1498 453 quibus
1534 401 1640 434 non
1678 387 1916 442 nominis,

117 479 213 529 sed
248 479 403 528 etiam
438 492 641 525 morum
676 475 816 524 ratio
845 477 1122 538 pensatur,
1158 488 1222 520 ne
1261 473 1376 538 quis
1411 472 1599 520 iterum
1634 468 1916 519 calumnia-

122 558 206 613 to}
258 563 512 618 existens,
569 560 692 609 dum
750 561 1086 606 memoratum
1135 562 1358 606 conatur
1416 560 1694 622 appetere,
1733 554 1918 603 virum

123 626 330 714 quideni
375 648 545 712 ipsum
597 659 704 691 non
765 647 924 707 queat
985 641 1222 698 laedere,
1278 657 1429 707 quem
1476 640 1776 689 innocentia
1822 656 1916 688 sua

123 733 295 782 munit.

261 813 311 865 9.
372 809 443 863 -Si
477 827 626 880 porro
665 808 1063 870 considerentur,
1111 824 1238 875 quae
1282 807 1334 858 in
1381 805 1781 877 particularibus,
1829 825 1920 859 nec

117 895 383 967 illegitimis
430 893 663 964 ejusmodi
713 893 917 964 synodis
970 900 1270 954 evenerunt,
1329 891 1715 961 deprehendetur
1763 892 1920 961 magis

119 981 370 1051 magisque
407 978 687 1031 confirmari
723 978 838 1029 illud
874 976 1190 1047 principium,
1239 994 1335 1044 quo
1374 994 1672 1028 summorum
1710 975 1922 1029 Pontifi-

119 1085 225 1119 cum
264 1063 533 1116 auctoritas
577 1063 799 1114 omnibus
849 1061 1068 1114 eminens
1114 1060 1232 1111 nulli
1267 1059 1652 1114 Ecclesiasticae
1686 1061 1922 1132 potestati

119 1149 391 1220 subjicitur.
473 1147 654 1200 Notae
689 1147 804 1200 sunt
852 1145 1192 1199 accusationes
1237 1145 1290 1196 in
1338 1143 1684 1216 Symmachum
1733 1145 1921 1217 Papam

119 1236 178 1286 ad
215 1233 492 1285 Romanam
529 1232 767 1303 synodum
805 1230 889 1283 III.
927 1231 1207 1302 impellente
1246 1230 1395 1282 etiam
1435 1229 1750 1283 Theodorico
1778 1230 1922 1300 Rege

120 1320 337 1383 delatae3
385 1316 618 1388 Episcopi
643 1308 646 1310 ³
671 1321 835 1370 autem
891 1317 996 1386 ejus
1020 1315 1219 1386 synodi
1267 1314 1358 1366 hoc
1400 1314 1637 1384 judicium
1685 1316 1777 1367 sibi
1823 1334 1923 1367 non

120 1396 396 1473 competere
433 1420 491 1454 ea
526 1402 584 1454 de
623 1420 772 1455 causa
808 1402 1136 1464 declararunt,
1176 1399 1289 1468 quia
1315 1400 1429 1451 Nec
1466 1402 1760 1453 antedictae
1787 1399 1922 1470 (Ro-

120 1486 320 1554 manae)
359 1489 496 1539 sedis
535 1486 766 1540 Antistes
801 1482 1060 1538 minorum
1097 1486 1416 1556 subjacuisse
1446 1487 1661 1556 Judicio
1710 1489 1765 1536 in
1795 1504 1922 1553 pro-

114 1576 379 1640 positione
416 1575 575 1624 simili
604 1575 772 1640 facile
803 1577 986 1640 forma
1022 1573 1204 1640 aliqua
1239 1577 1550 1637 testaretur:
1599 1569 1774 1638 quibus
1811 1587 1923 1622 ver-

120 1657 196 1709 bis
234 1666 283 1709 et
307 1655 595 1726 principium
620 1657 863 1709 laudatum
888 1657 1161 1727 proferunt,
1199 1656 1350 1707 hocce
1379 1655 1612 1724 judicium
1635 1656 1923 1706 minoribus

123 1759 210 1794 seu
244 1739 557 1794 inferioribus
593 1741 644 1793 in
681 1742 985 1812 superiorem
1023 1759 1160 1792 suum
1197 1756 1503 1807 nequaquam
1541 1748 1838 1808 competere,
1877 1749 1926 1791 et

123 1836 382 1897 praeterea
421 1826 600 1877 addunt
635 1826 766 1893 nullo
805 1826 1105 1878 anteriorum
1143 1835 1416 1894 temporum
1455 1825 1685 1895 exemplo
1724 1824 1772 1875 id
1809 1843 1924 1895 pro-

121 1914 285 1963 batum
332 1911 410 1962 iri.
485 1909 630 1962 Licet
677 1929 798 1964 vero
845 1911 951 1981 ipse
987 1908 1312 1980 Symmachus
1360 1927 1472 1961 sese
1514 1909 1710 1961 illorum
1740 1909 1925 1980 judicio

123 1995 428 2065 subJecisset,
466 2000 658 2067 affectu
687 1999 1028 2066 puryationis
1064 2014 1212 2047 suum
1248 1997 1450 2047 culmen
1489 1997 1800 2058 humilians,
1840 2013 1924 2063 pa-

123 2091 260 2132 ratus
297 2098 462 2132 coram
505 2080 602 2132 illis
649 2098 847 2133 causam
903 2099 1053 2151 agere
1091 2078 1222 2150 (non
1271 2081 1399 2149 quod
1427 2081 1512 2149 jus
1561 2098 1711 2150 supra
1746 2097 1801 2131 se
1839 2079 1927 2130 ali-

124 2166 249 2234 quod
283 2165 335 2216 iu
371 2165 550 2236 synodi
584 2164 844 2237 Episcopis
893 2175 1218 2236 agnosceret,
1264 2166 1348 2217 sed
1398 2174 1452 2216 ut
1497 2165 1587 2217 hac
1632 2165 1927 2236 purgatione

124 2248 454 2302 innocentiam
510 2267 646 2302 suam
700 2252 860 2320 palam
916 2251 1162 2321 face1·et)3
1219 2250 1372 2301 adhuc
1424 2259 1592 2302 tamen
1647 2251 1715 2302 illi
1770 2251 1927 2303 solum

126 2333 283 2386 Deum
321 2333 519 2385 summis
545 2333 867 2387 Pontificibus
904 2336 1206 2406 superiorem
1232 2334 1346 2398 rati,
1383 2342 1546 2385 totam
1581 2354 1796 2386 causam
1821 2336 1930 2386 Dei

111 2423 322 2490 J‘udicio
359 2427 722 2480 reservarunt,
759 2422 982 2472 arbitrio
1019 2424 1196 2472 divino
1236 2423 1563 2471 remiserunt.

271 2505 353 2556 10.
426 2503 557 2555 Idem
621 2504 908 2575 principium
973 2505 1184 2574 ingessit
1243 2503 1392 2556 etiam
1446 2503 1702 2555 Ennodius
1758 2513 1929 2573 postea

127 2587 399 2658 Episcopus
438 2587 719 2641 Ticinensis
755 2590 806 2641 in
844 2590 1057 2659 ejusdem
1095 2587 1378 2659 Symmachi
1406 2589 1656 2660 Apologia
1680 2589 1927 2640 scribens:

135 2676 196 2725 Si
229 2693 355 2725 vera
392 2681 470 2725 est
503 2675 891 2742 Episcoporum
927 2678 1167 2734 assertio,
1204 2678 1344 2726 sedis
1382 2674 1723 2743 Apostolicae
1764 2676 1927 2726 Prae-

131 2759 268 2808 seeles
306 2760 559 2807 minorum
594 2778 858 2827 nunquam
894 2761 1215 2831 subjacuisse
1252 2764 1565 2820 sententiae,
1614 2780 1709 2812 cur
1748 2763 1822 2811 ad
1838 2766 1928 2831 J’u-

132 2844 323 2893 dicium
360 2843 598 2893 districta
635 2847 973 2895 conventione
1003 2847 1295 2915 productus
1343 2849 1450 2897 est?
1519 2846 1791 2913 Numquid
1823 2848 1929 2913 qlo—

132 2927 369 2977 riabatur
407 2929 604 2977 securis
642 2935 829 2979 contra
865 2924 995 2989 eum,
1034 2933 1126 2997 qui
1159 2937 1306 2981 secat
1341 2934 1394 2981 in
1433 2934 1532 2982 ea?
1587 2928 1656 2980 Et
1692 2940 1805 2999 post
1841 2929 1929 2981 ali-

132 3021 315 3079 quanto
353 3011 549 3061 laudata
586 3009 843 3064 Pontificis
879 3013 1175 3078 humilitate,
1223 3031 1318 3082 qua
1361 3018 1662 3066 venerando
1702 3017 1928 3067 concilio

134 3099 494 3148 auctoritatem
531 3100 682 3148 etiam
721 3105 908 3149 contra
945 3117 1025 3158 se,
1062 3102 1109 3151 si
1144 3106 1448 3159 mereretur,
1486 3102 1720 3159 indulsit,
1759 3099 1930 3152 summi

135 3178 389 3232 Pontificis
426 3197 599 3232 causas
638 3199 667 3232 a
691 3179 800 3232 Deo
839 3182 945 3253 ipso
985 3201 1072 3234 suo
1102 3183 1284 3253 judicio
1310 3192 1593 3236 reservatas
1618 3184 1928 3253 pronuntiat:

136 3266 375 3316 Aliorum
405 3269 550 3332 forte
588 3268 850 3319 hominum
887 3287 1073 3319 causas
1111 3269 1337 3319 voluerit
1365 3287 1469 3336 per
1495 3269 1726 3321 homines
1763 3270 1930 3322 termi-

137 3369 281 3402 nare.
362 3351 513 3403 Sedis
560 3355 706 3405 istius
757 3353 1066 3405 Praesulem
1112 3372 1204 3405 suo
1251 3358 1363 3406 sine
1411 3357 1712 3422 quaestione
1767 3374 1929 3407 reser-

139 3427 275 3486 vabit
308 3436 543 3489 arbitrio.
1712 3447 1717 3451 ⁴
