2326 3854
706 226 1340 282 ---149-——-

119 403 218 446 tur.
302 393 375 446 At
423 393 474 445 in
523 391 781 464 Episcopis
828 392 1183 464 Apostolorum
1233 389 1625 451 successoribuS,
1684 388 1764 456 qui
1824 405 1924 439 non

120 496 275 548 aeque
336 496 394 531 ac
441 478 674 548 Apostoli
742 487 886 529 erant
946 485 1118 529 sancto
1165 474 1357 546 Spiritu
1405 470 1705 536 confirmati,
1761 472 1926 524 timeri

118 573 351 634 poterant
386 562 721 636 dissensiones
767 572 818 614 et
866 561 1137 634 scissurae,
1185 579 1254 613 ex
1300 560 1474 629 quibus
1519 557 1629 610 fidei
1676 557 1757 610 vel
1793 574 1926 608 com-

119 648 365 700 munionis
401 647 566 699 unitas
601 646 952 717 praejudicium
1002 645 1239 699 sentiret:
1291 664 1349 699 ac
1386 654 1648 716 propterea
1685 639 1741 694 S.
1781 639 1927 693 Petri

119 733 373 803 primatus,
409 732 489 800 qui
526 732 577 783 in
613 733 793 784 bonum
828 730 1038 783 unitatis
1073 731 1280 783 debebat
1315 749 1426 783 esse
1463 738 1745 800 perpetum,
1783 736 1834 780 et
1868 728 1929 779 ad

120 816 375 869 Romanos
409 815 682 869 Pontifices
718 814 774 868 S.
814 814 959 869 Petri
995 833 1313 868 successores
1351 813 1596 881 transire,
1634 814 1804 867 eadem
1841 831 1926 883 pe-

121 901 292 954 culiari
320 900 664 971 jurisdictione
708 919 798 954 seu
833 901 884 956 vi
920 901 1144 955 coactiva
1188 900 1437 971 praeditus
1485 917 1597 952 esse
1634 899 1843 952 debebat
1876 898 1930 950 in

120 986 487 1038 successoribus
532 986 716 1056 ipsius,
775 995 829 1037 ut
877 1004 1049 1038 omnes
1099 985 1244 1039 etiam
1294 984 1568 1056 Episcopos
1618 984 1670 1035 in
1719 992 1930 1052 utraque

118 1069 308 1122 unitate
345 1079 581 1141 perpetuo
607 1069 902 1123 contineret.
965 1070 1114 1124 Mera
1135 1069 1550 1141 repraesentatio,
1589 1086 1754 1122 merus
1780 1077 1931 1139 typus

118 1154 324 1207 unitatis
371 1155 424 1206 in
471 1155 598 1208 hunc
630 1155 788 1221 finem
835 1173 936 1208 non
987 1156 1285 1219 sufficiebat,
1341 1173 1432 1207 nec
1450 1162 1458 1169 ‘
1478 1167 1643 1206 merus
1691 1153 1932 1224 primatus

122 1240 324 1293 honoris
359 1249 410 1292 et
446 1239 661 1304 ordinm,
713 1239 796 1307 qui
832 1239 941 1293 sine
979 1240 1204 1293 coactive
1229 1238 1484 1310 ejusmodi
1524 1240 1639 1309 jure
1689 1237 1749 1290 ad
1786 1237 1930 1288 finem

122 1325 173 1376 in
208 1323 517 1378 institutione
551 1323 791 1395 primatus
839 1320 1113 1379 aChristo
1152 1325 1245 1378 sibi
1289 1323 1596 1396 propositum
1640 1321 1819 1374 fuisset
1855 1321 1932 1373 in-

121 1418 279 1479 eptus·
334 1407 461 1462 >Hoc
489 1411 573 1480 jus
610 1408 884 1464 coactivum
921 1411 1136 1462 oninium
1163 1409 1562 1465 Christianorum
1601 1407 1662 1460 ad
1695 1405 1931 1458 unitatem

121 1511 222 1546 non
257 1493 412 1547 solum
451 1494 823 1560 communioniS,
859 1496 947 1548 sed
982 1494 1291 1566 potissimum
1327 1494 1454 1560 fidei,
1493 1510 1617 1563 quae
1654 1500 1732 1545 est
1769 1491 1933 1545 unitas

120 1579 375 1632 Ecclesiae
419 1579 581 1651 potior
597 1619 611 1645 ‚
660 1578 904 1633 Romanis
949 1578 1272 1633 Pontificibus
1321 1578 1642 1632 asserendum
1691 1595 1761 1630 ex
1796 1575 1931 1630 Scri-

122 1663 279 1735 pturis
332 1682 390 1717 ac
439 1674 676 1736 perpetua
718 1662 978 1719 Ecclesiae
1024 1666 1293 1719 traditione
1339 1665 1441 1717 late
1488 1663 1807 1716 constitutum
1856 1662 1931 1715 in·-

122 1748 293 1804 venies
329 1749 383 1802 in
418 1749 544 1802 libro
597 1751 686 1802 De
723 1754 775 1802 vi
821 1758 874 1803 et
917 1755 1124 1804 ratione
1154 1755 1421 1822 primatus
1477 1767 1583 1820 cap.
1628 1749 1712 1801 12.
1754 1758 1803 1801 et
1845 1749 1929 1802 13.

121 1835 205 1887 ubi
237 1834 388 1887 etiam
422 1853 548 1904 quae
584 1835 727 1906 objici
762 1836 925 1888 solent
959 1837 1201 1892 diluimus.
1677 1854 1680 1856 ’

265 1920 314 1972 2.
387 1918 611 1974 Justinus
665 1919 945 1974 Febronius
967 1962 982 1987 ,
1038 1924 1148 1976 dum
1205 1923 1258 1975 in
1311 1920 1556 1975 Romanis
1612 1919 1935 1973 Pontificibus

123 2021 387 2073 eorumque
421 2004 637 2075 primatu
672 2016 894 2059 centrum
919 2006 1124 2060 unitatis
1150 2025 1179 2060 a
1205 2005 1409 2061 Christo
1437 2007 1663 2059 collatum
1691 2006 1936 2076 agnoscit,

122 2088 377 2159 ipsumque
412 2088 467 2141 in
503 2087 733 2143 Ecclesia
768 2091 1103 2144 necessarium
1141 2109 1200 2144 ac
1235 2092 1434 2144 omnino
1473 2092 1860 2146 conservandum
1888 2100 1938 2143 et

117 2191 154 2225 a
201 2173 455 2227 catholicis
507 2175 847 2229 vindicandum
905 2177 1120 2240 fatetur,
1169 2178 1381 2246 juraque
1427 2176 1583 2247 ipsius
1630 2177 1682 2228 in
1728 2176 1935 2229 unitatis

123 2258 304 2310 honum
343 2259 627 2312 essentialia
661 2260 714 2312 in
750 2260 943 2312 dubium
968 2261 1154 2314 abduci
1175 2279 1275 2312 non
1311 2279 1459 2331 posse
1486 2261 1730 2328 affirmat3
1768 2262 1936 2315 nobis-

125 2360 233 2394 cum
282 2342 592 2412 aliquatenus
643 2343 911 2398 convenire
946 2345 1104 2399 videri
1150 2355 1329 2416 potest.
1403 2345 1478 2396 At
1515 2347 1626 2397 dum
1672 2346 1780 2416 ipsa
1818 2348 1936 2416 jura

126 2445 214 2480 seu
257 2428 516 2481 facultates
567 2445 636 2481 ex
661 2428 892 2499 'primatu
936 2429 1182 2483 Romanis
1227 2430 1554 2483 Antistitibus
1600 2438 1936 2502 competentes

126 2502 722 2584 recensendas-suscipit3
761 2515 820 2566 ad
855 2514 1236 2585 praerogativas
1274 2516 1396 2569 meri
1421 2516 1609 2568 ordinis
1647 2525 1698 2569 et
1732 2516 1935 2568 honoris

123 2598 229 2651 fere
264 2598 429 2650 omnia
463 2598 741 2669 pertinent:
794 2609 846 2652 et
892 2598 937 2652 si
985 2618 1110 2669 quae
1154 2601 1332 2671 aliquid
1371 2602 1503 2674 juris
1551 2601 1790 2666 coactivi,
1848 2619 1935 2654 seu

118 2681 475 2751 jurisdictionis
510 2703 633 2755 prae
660 2699 715 2738 se
739 2686 922 2751 ferunt,
961 2704 1061 2738 non
1087 2695 1202 2738 sunt
1227 2689 1332 2758 ejus
1358 2686 1594 2758 generis‚‘
1615 2705 1741 2757 quae
1765 2705 1855 2758 per
1880 2704 1935 2739 se

125 2765 178 2817 in
213 2767 599 2821 conservandam
633 2770 871 2823 unitatem
907 2770 1216 2841 potissimum
1250 2773 1360 2825 fidei
1406 2782 1614 2843 cogant,
1660 2771 1826 2840 quales
1865 2781 1933 2823 ex

128 2849 344 2917 ratione>
377 2868 435 2903 ac
480 2852 576 2904 fine
629 2853 886 2925 principali
932 2855 1220 2908 instituendi
1265 2847 1532 2928 primatus,x
1589 2874 1680 2909 nec
1724 2874 1826 2908 non
1863 2874 1933 2908 ex

127 2932 386 3005 Scriptura
421 2945 472 2988 et
505 2937 774 2990 traditione
810 2955 922 2990 esse
959 2940 1210 2993 deberent.
1264 2941 1415 2993 ‚Dum
1450 2941 1508 2996 S.
1547 2941 1757 2995 Petrum
1774 2932 1935 2994 vfuisse

126 3014 238 3074 vult>
267 3020 403 3092 (cap.
442 3022 492 3073 2.
533 3021 580 3089 §-
606 3021 660 3074 4.
697 3031 818 3074 tom.
848 3022 896 3074 l.
939 3024 1055 3096 edit.
1096 3024 1296 3095 quintae
1331 3045 1445 3096 pag.
1485 3027 1583 3099 51)
1622 3027 1673 3079 in
1710 3026 1931 3097 Aposto-

126 3106 285 3159 lorum
321 3106 526 3176 collegio
561 3115 794 3176 tanquam
830 3108 1104 3178 praesidem
1141 3110 1191 3161 in
1229 3108 1449 3172 Senam,
1484 3116 1576 3181 qui
1615 3114 1934 3164 Senatorum

130 3194 408 3266 sententias
444 3199 617 3260 φοραί,
652 3211 758 3244 non
795 3196 954 3262 cogit,
991 3214 1097 3246 uno
1125 3197 1493 3248 ‘siconi-bitrio
1530 3198 1671 3249 nihil
1704 3199 1930 3258 decidit,-

128 3274 226 3328 vim
263 3274 530 3331 coactivam
567 3286 617 3329 et
650 3276 910 3348 primatum
946 3297 1097 3332 verae
1125 3279 1486 3350 jurisdictionis
1522 3283 1575 3334 in
1619 3282 1776 3352 gestis
1814 3301 1932 3336 con-

132 3358 380 3412 ciliaribus
434 3359 488 3413 S.
543 3361 699 3415 Petro
766 3363 1076 3434 apertissime
1132 3364 1328 3431 adimit3
1391 3367 1654 3438 eodemque
1709 3368 1932 3421 recidunt

131 3443 244 3507 illa,
291 3444 464 3514 quibus
499 3448 784 3518 expendens
822 3449 992 3503 titulos
1028 3454 1218 3520 capitis
1258 3459 1309 3504 et
1346 3453 1616 3523 Principis
1655 3450 1930 3524 Apostolo.
