2326 3854
932 242 1072 278 XXXI
1162 254 1327 262 ‘’w“-

103 402 245 456 festa
288 402 413 475 sint,
460 397 642 470 ecquis
687 413 793 452 non
825 400 1040 469 stupeat
1069 392 1407 449 Ludovicum
1437 390 1732 445 Antonium
1760 388 1899 444 Mu·-

102 488 302 561 ratori,
347 487 400 540 in
446 483 689 539 Historia
734 485 789 536 et
830 481 1147 555 Philologia
1187 481 1325 534 bene
1369 482 1679 551 versatum,
1726 476 1899 530 minus

104 579 285 628 tamen
327 573 381 625 in
424 572 586 624 rebus
630 567 995 644 theologicis,
1042 568 1130 639 qui
1174 566 1267 620 lib.
1290 564 1334 620 I.
1382 565 1477 621 De
1519 561 1902 635 inyeniorum

104 654 516 714 moderatione
558 670 675 727 cap.
698 652 803 708 20.
851 669 1009 725 quem
1053 653 1149 706 sub
1197 653 1451 706 ementito
1484 648 1733 704 Lamindi
1765 647 1900 701 Pri-

102 745 230 800 tanii
274 738 488 796 nomine
547 738 746 813 edidit,
813 738 938 792 huic
985 737 1052 791 de
1096 736 1388 792 Ecclesiae
1431 739 1702 810 potestate
1758 735 1903 789 circa

103 829 247 885 facta
289 826 599 900 dogmatica
640 824 916 879 doctrinae
962 820 1320 897 refragatur?
1401 821 1619 876 Utinam
1663 837 1762 876 suo
1808 821 1900 874 in-

102 915 266 989 genio
310 914 365 967 in
407 911 511 966 hac
554 927 616 965 re
660 909 971 965 moderatus
1018 913 1203 984 esset,
1251 908 1613 981 scopulosque
1642 910 1901 980 praeter—

100 1003 291 1055 vectus
335 999 503 1072 istos,
563 1012 696 1069 quos
743 996 906 1053 etiam
951 994 1344 1050 eruditissimus
1389 992 1720 1049 Benedictus
1745 991 1901 1047 XIV.

101 1089 250 1141 notat
306 1085 360 1140 in
405 1083 636 1157 epistola
686 1099 784 1155 pro
831 1077 1113 1137 Cardinali
1156 1078 1232 1135 H.
1277 1079 1500 1136 Norisio
1555 1080 1903 1153 apologetica

101 1172 226 1227 data
269 1168 483 1226 Romae
528 1169 630 1225 31.
662 1167 798 1224 Julii
838 1167 1059 1243 1748„
1105 1183 1264 1240 quam
1309 1183 1475 1239 supra
1509 1169 1629 1236 jam
1674 1165 1902 1240 allega-

100 1259 307 1332 vimus,
354 1259 409 1311 et
449 1255 682 1310 habetur
712 1255 777 1333 ,in
815 1251 1210 1327 Supplemento
1257 1251 1327 1307 ad
1370 1269 1569 1308 novam
1616 1250 1903 1307 editionem

100 1342 330 1399 Bullarii
371 1340 655 1397 Benedicti
675 1339 835 1397 XIV.
879 1340 1083 1396 volum.
1113 1340 1207 1396 13.
1254 1337 1383 1394 edit.
1427 1337 1690 1393 Mechlin.
1719 1337 1903 1395 1827.

100 1447 233 1503 pag.
259 1428 400 1485 107.
460 1426 708 1502 „Notum
753 1427 1006 1502 denique,
1053 1427 1148 1500 ait,
1193 1426 1287 1482 tibi
1334 1426 1436 1482 erit
1478 1441 1676 1481 nomen
1703 1422 1902 1481 Ludo-

101 1516 207 1573 vici
232 1511 453 1572 Antonii
481 1513 750 1569 Muratori
795 1513 972 1569 adhuc
1011 1512 1267 1587 viventis,
1313 1512 1602 1569 multorum
1646 1510 1902 1566 librorum

103 1602 368 1656 communi
410 1600 603 1672 plausu
649 1590 995 1673 receptorum
1040 1598 1279 1657 editoris,
1366 1595 1483 1673 Oh,
1531 1615 1691 1670 quam
1734 1597 1904 1652 multa.

103 1689 157 1741 in
202 1687 282 1740 eis
326 1687 668 1759 reperiuntur
712 1702 945 1743 censura
989 1682 1190 1758 digna!
1279 1683 1425 1753 Quot
1467 1684 1629 1753 huJus
1680 1682 1904 1738 furfuris

104 1789 202 1827 nos
249 1773 351 1844 ipsi
395 1787 490 1826 eos
533 1771 788 1845 legentes
819 1768 1171 1826 offendimus!
1233 1768 1387 1840 Quot·
1422 1771 1574 1824 nobis
1607 1770 1671 1823 ab
1705 1786 1903 1823 aemu-

102 1860 170 1912 lis
218 1861 271 1912 et
315 1858 718 1912 accusatoribus
759 1857 940 1912 oblata
969 1854 1123 1913 sunt!
1172 1859 1226 1911 et
1254 1872 1355 1913 nos
1385 1872 1560 1928 usque
1591 1855 1766 1911 adhuc
1798 1857 1903 1910 ab-

103 1944 381 1999 stinuimus
448 1946 504 1997 et
560 1944 942 1999 abstinebimus
1009 1943 1074 1997 ab
1144 1959 1368 2015 operum
1416 1942 1903 2015 condemnatione,

103 2028 427 2084 Nostrorum
449 2026 946 2085 Praedecessorum
978 2029 1245 2101 exemplis
1292 2028 1489 2103 edocti,
1535 2029 1631 2104 qui,
1668 2029 1818 2101 pacis
1851 2032 1906 2083 et

104 2114 424 2172 concordiae
469 2132 652 2172 amore
698 2132 732 2170 a
774 2113 1170 2189 proscribendis
1214 2116 1309 2192 iis,
1359 2132 1496 2187 quae
1542 2115 1904 2188 proscriptio-

103 2218 227 2257 nem
269 2202 633 2271 merebantur,
680 2204 987 2277 cessarunt,
1033 2201 1244 2274 quando
1280 2200 1539 2257 videlicet
1577 2203 1906 2256 censuerunt

104 2287 226 2359 plus
268 2287 431 2363 mali,
477 2305 636 2360 quam
681 2289 805 2343 boni
851 2304 922 2342 ex
957 2288 1350 2361 proscriptione
1397 2284 1819 2344 derivandum.“

219 2370 389 2426 Hanc
433 2372 501 2427 de
544 2371 836 2428 Ecclesiae
878 2377 1151 2446 potestate
1206 2374 1350 2427 circa
1395 2372 1542 2428 facta
1594 2372 1904 2446 dogmatica

106 2457 398 2513 doctrinam
443 2459 662 2531 copiose
709 2461 1070 2531 accurateque
1117 2459 1445 2532 explicatam
1492 2459 1580 2531 qui
1611 2457 1903 2514 desidera-

103 2544 262 2617 verit,
309 2542 471 2599 adeat
515 2545 807 2619 egregium
852 2543 1204 2619 cLBolgenii
1236 2562 1369 2618 opus
1391 2543 1617 2601 Brixiae
1651 2544 1902 2601 a.1788.

105 2629 322 2703 editum,
369 2631 454 2687 cui
497 2630 713 2686 titulus:
763 2628 940 2684 Fatti
985 2629 1339 2704 doymatici,
1387 2629 1548 2688 occia
1594 2630 1753 2685 della
1796 2630 1903 2685 in-

98 2713 423 2786 fallibilita
475 2716 635 2772 della
681 2714 882 2772 chiesa
939 2717 1043 2772 nel
1086 2715 1365 2774 decidere
1421 2718 1580 2774 sulla
1627 2717 1905 2772 dotti-ina

106 2799 303 2855 buona
350 2819 382 2855 ο
430 2801 663 2857 cattiva
707 2796 798 2857 dc’
846 2801 1026 2875 libri,-
1083 2805 1172 2859 ubi
1218 2809 1273 2861 et
1316 2804 1757 2861 adversariorum
1803 2823 1896 2860 ar-

105 2889 366 2961 gumenta
410 2880 618 2945 abunde
664 2889 1044 2962 exploduntur.

230 2971 379 3027 Inter
425 2989 542 3048 eoS,
588 2975 678 3046 qui
704 2973 1105 3031 Declarationis
1136 2977 1447 3051 gallicanae
1480 2976 1546 3032 de
1575 2977 1759 3035 1689..
1806 2994 1905 3050 per

104 3054 309 3113 Sedem
331 3057 706 3133 Apostolicam
749 3063 1071 3134 reprobatae
1104 3062 1381 3118 doctrinae
1423 3063 1726 3119 adhaerere
1757 3062 1904 3120 haud

103 3149 383 3221 verentur,
402 3149 517 3201 tum
537 3144 796 3202 Natalem
811 3145 1208 3222 Alexandrum,
1233 3153 1344 3204 tum
1363 3146 1651 3210 Claudium
1667 3145 1903 3220 Fleury,

103 3232 215 3285 tum
259 3233 422 3289 etiam
464 3230 803 3288 Honoratum
851 3229 1148 3304 Tournely
1191 3235 1545 3291 nominamus,
1642 3233 1729 3290 Ad
1773 3234 1903 3290 Na-

106 3317 269 3371 talem
316 3317 456 3390 quod
492 3321 704 3395 attinet,
750 3321 797 3375 is
829 3322 1080 3374 strenuus
1114 3322 1200 3374 est
1232 3321 1494 3393 opinionis
1530 3320 1599 3376 de
1645 3323 1902 3395 superio-

106 3401 263 3459 ritate
310 3400 541 3460 Concilii
584 3422 750 3479 supra
793 3403 1103 3462 Romanum
1143 3404 1461 3462 Pontificem
1506 3412 1901 3483 propugnator,

107 3487 391 3561 nititurque
439 3490 577 3548 adeo
621 3490 772 3548 Diss.
829 3488 927 3547 1V.
974 3489 1197 3550 Saecul.
1231 3490 1364 3549 XV.
1411 3498 1465 3549 et
1507 3491 1666 3548 XVI.
1715 3498 1815 3550 art.
1843 3495 1902 3550 3.
