2326 3854
656 203 1296 264 ——109†-—

77 393 200 427 mam
221 412 235 437 ,
293 371 576 435 materiem,
631 379 716 422 aut
774 368 1047 420 ministrum
1094 365 1367 436 pertinent,
1433 371 1483 414 et
1541 361 1872 426 nihilominUS,

77 458 305 529 quamdiu
350 459 408 509 ab
456 455 685 509 Ecclesia
733 473 832 506 non
880 451 1059 524 prodiit
1103 448 1348 523 ‘definitim
1395 456 1571 499 neutra
1617 464 1687 498 ex
1733 457 1873 516 parte

76 554 263 598 certum
300 541 514 613 suppetit
550 540 660 592 fidei
697 540 889 608 dogma.
970 537 1028 587 In
1065 535 1168 599 his,
1218 534 1374 604 quoad
1417 532 1549 584 inter
1607 531 1874 584 catholicos

77 637 539 690 controvertuntur,
595 634 644 677 et
681 622 884 676 concilia
932 631 982 673 et
1025 619 1296 672 Pontifices
1341 637 1440 672 non
1489 617 1627 669 facile
1674 618 1874 686 dogma—

78 716 222 768 ticum
252 713 484 783 judicium
521 710 805 780 proferunt3
857 716 906 757 et
942 722 1194 774 quousque
1230 722 1311 758 res
1347 705 1488 774 plane
1526 703 1741 771 eliquata
1774 720 1875 754 non

77 801 168 863 sit,
208 797 251 848 si
289 804 511 848 statuunt
548 792 755 861 aliquid,
805 791 931 860 quod
979 808 1048 842 ex
1097 788 1480 842 circumstantiis
1529 788 1765 858 expedire
1800 787 1876 841 vi-

76 885 246 935 deatur
280 882 332 933 in
367 882 544 932 bonum
570 876 846 944 Ecclesiae,
883 876 930 927 id
967 894 1067 927 non
1104 875 1288 941 statim,
1326 891 1417 926 nec
1443 891 1635 943 semper
1660 872 1877 942 dogmati

76 986 132 1020 ac
169 965 438 1018 definitioni
475 973 553 1016 est
589 962 958 1015 accensendum.
1032 959 1162 1012 Hinc
1211 959 1445 1028 quaedam
1483 975 1583 1009 non
1631 975 1700 1010 ex
1737 958 1876 1010 firmo

75 1053 330 1120 dogmate,
387 1049 472 1101 sed
516 1066 585 1100 ex
633 1046 861 1118 opinione
898 1046 1090 1116 prolata
1136 1044 1189 1096 in
1239 1044 1425 1113 aliquot
1460 1042 1876 1096 Pontificum-de-

76 1136 224 1188 cretis
263 1133 505 1193 contineri
543 1132 655 1184 alibi
692 1130 798 1202 (De
823 1131 874 1184 vi
900 1140 951 1187 et
969 1140 1067 1182 rat.
1089 1129 1284 1199 primat.
1314 1147 1356 1181 c.
1381 1129 1464 1179 15.
1486 1147 1536 1179 n.
1565 1128 1652 1180 39.
1682 1138 1732 1179 et
1756 1127 1876 1197 40.)

75 1220 379 1274 notavimus:
427 1229 477 1270 et
513 1217 744 1286 quaedam
785 1215 933 1268 etiam
969 1215 1022 1267 in
1060 1213 1374 1267 conciliorum
1413 1213 1612 1264 statutis
1651 1213 1908 1265 similiter>

76 1305 402 1374 invenientur.

214 1391 266 1441 4.
342 1386 579 1455 Quaestio
617 1387 747 1441 circa
785 1384 1116 1440 Conciliorum
1154 1384 1458 1455 generalium
1496 1394 1547 1436 et
1582 1402 1880 1436 summorum

77 1475 371 1528 Pontificum
425 1473 770 1526 auctoritatem
825 1474 914 1524 sub
963 1482 1156 1542 tempus
1213 1470 1515 1540 synodorum
1561 1468 1781 1522 Pisanae
1830 1480 1880 1522 et

78 1559 478 1614 Constantiensis
515 1557 775 1610 occasione
796 1557 1092 1609 *schismatis
1131 1555 1335 1625 agitata,
1373 1555 1653 1625 pertinebat
1689 1555 1879 1623 quidem

78 1647 138 1698 ad
174 1645 489 1714 intelligenda
525 1643 632 1694 loca
667 1640 999 1711 Evangelica,
1037 1642 1208 1710 quibus
1244 1651 1455 1709 utraque
1491 1650 1712 1711 potestas
1747 1640 1878 1692 inni-

77 1732 215 1794 titur,
255 1731 314 1781 ad
352 1728 686 1800 explicandam
724 1737 954 1779 naturam
991 1736 1039 1778 et
1067 1725 1460 1797 jurisdictionem
1498 1724 1748 1778 Pontificii
1778 1726 1879 1796 pri-

79 1826 267 1878 matuS,
319 1823 369 1866 et
405 1814 466 1865 ad
502 1813 596 1864 alia
632 1812 908 1882 hujusmodi
945 1830 1044 1864 non
1081 1829 1262 1881 pauca,
1311 1829 1435 1879 quae
1473 1811 1742 1881 respiciunt
1780 1829 1881 1862 ma>-

77 1900 252 1951 teriam
288 1898 424 1950 fidei:
465 1897 812 1961 at-sententia,
850 1915 972 1966 quae
999 1896 1190 1949 concilii
1213 1895 1461 1965 generalis
1489 1899 1574 1966 jus
1610 1896 1881 1950 coactivum

79 2003 228 2054 supra
275 1982 463 2053 Papam
512 1983 879 2052 propugnabat,
928 1982 999 2033 ita
1047 1991 1156 2033 erat
1204 1999 1359 2048 nova,
1407 1982 1636 2050 nulloque
1682 1991 1881 2035 vetusto

78 2069 320 2138 exemplO,
359 2077 442 2118 aut
480 2077 617 2119 certa
653 2063 947 2124 auctoritate
983 2066 1199 2132 munita,
1239 2085 1266 2119 e
1303 2066 1477 2118 contra
1501 2085 1623 2120 vero
1659 2077 1882 2138 potestas

77 2152 368 2206 Pontificum
409 2170 555 2222 supra
590 2154 875 2208 universam
898 2150 1174 2203 Ecclesiam
1213 2161 1263 2203 et
1301 2169 1451 2222 supra
1486 2152 1596 2223 ipsa
1632 2152 1883 2222 generalia

80 2237 283 2291 concilia
319 2255 408 2289 seu
453 2255 602 2307 supra
650 2239 913 2291 universae
948 2235 1202 2289 Ecclesiae
1237 2235 1537 2307 EpiscopoS,
1585 2238 1667 2306 qui
1703 2237 1755 2289 in
1793 2258 1881 2308 ge-

79 2322 233 2375 nerali
281 2321 482 2374 concilio
531 2323 723 2375 collecti
761 2337 868 2374 'una
924 2341 1028 2374 cum
1079 2322 1237 2391 capite
1285 2331 1443 2373 totam
1490 2321 1765 2374 Ecclesiam
1802 2342 1882 2375 re-

78 2415 417 2479 praesentant,
454 2406 525 2458 ita
562 2407 775 2476 antiquis
801 2407 1042 2477 exemplis
1081 2416 1131 2458 et
1167 2407 1540 2459 auctoritatibus
1575 2407 1883 2474 fulciebatur,

80 2503 135 2544 ut
171 2492 215 2544 si
251 2491 576 2561 dogmaticum
604 2492 838 2562 judicium
873 2492 1046 2544 fuisset
1092 2492 1352 2556 edendum,
1399 2511 1488 2562 pro
1524 2491 1668 2563 Papa
1703 2493 1882 2562 potiuS,

82 2596 226 2647 quam
262 2595 349 2647 pro
386 2577 634 2646 generalis
673 2577 860 2630 concilii
897 2576 1134 2629 Patribus
1159 2575 1422 2629 Pontificio
1462 2594 1670 2633 assensu
1706 2596 1882 2630 carena

80 2663 208 2719 tibus
245 2662 536 2732 proferenda
571 2661 746 2714 fuisset
793 2663 1024 2714 definitio.
1094 2663 1357 2714 *Instabant
1392 2679 1513 2714 vero
1561 2663 1883 2715 circumstan-

80 2747 181 2799 tiae
235 2746 511 2799 schismatis
567 2746 781 2798 diuturni
836 2758 886 2799 et
938 2747 1368 2818 perniciosissimi,
1417 2748 1543 2815 quod
1598 2748 1651 2799 in
1705 2750 1882 2800 multos

84 2831 576 2900 annos'productum,
614 2832 766 2882 multa
801 2833 929 2884 mala
965 2843 1015 2884 et
1052 2833 1285 2884 seandala
1319 2843 1595 2902 pepererat.
1647 2833 1884 2903 Antiquis

82 2915 382 2986 temporibus
428 2913 522 2967 etsi
569 2903 709 2983 plura
753 2916 1018 2968 schismata
1067 2918 1281 2986 ejusdem
1331 2917 1530 2986 generis
1577 2918 1883 2983 incidissent,

85 3001 193 3054 aliis
249 3011 413 3053 tamen
463 3008 609 3067 atque
666 2999 774 3072 aliis
836 3001 1007 3053 mediis
1061 3003 1259 3054 fuerant
1314 3003 1589 3072 consopita.
1681 3006 1738 3055 In
1792 3005 1885 3057 hoc

86 3096 262 3155 autem,
301 3086 428 3155 quod
466 3102 534 3136 ex
569 3084 839 3154 pertinacia
864 3086 1258 3145 contendentium
1293 3086 1364 3138 ita
1401 3105 1431 3138 a
1457 3088 1634 3140 ceteris
1660 3088 1884 3155 omnibus

86 3171 412 3242 discrepabat,
468 3177 523 3220 ut
579 3177 656 3221 tot
702 3178 847 3221 retro
902 3173 1127 3222 saeculis
1171 3174 1332 3222 semel
1371 3178 1573 3223 tantum
1622 3177 1885 3241 coynitum

86 3254 355 3308 Bossuetus
402 3253 545 3325 (Lib.
595 3256 644 3306 5.
701 3253 906 3307 Defens.
966 3273 1008 3307 c.
1063 3255 1178 3326 14.)
1231 3255 1579 3321 affirmaverit,
1630 3275 1753 3309 cumx
1777 3248 1884 3310 valia

87 3349 229 3408 atque
275 3340 374 3392 alia
409 3340 627 3410 legitima
675 3341 891 3392 remedia
937 3339 1118 3411 pluries
1163 3350 1382 3408 tentata,
1424 3340 1627 3395 inventa
1674 3342 1884 3395 fuissent

85 3424 300 3485 inutilia3
352 3424 643 3485 necessitate
691 3426 898 3494 quadam
944 3425 1250 3477 tribuendum
1297 3425 1456 3479 visum
1506 3436 1582 3479 est
1623 3429 1706 3496 jus
1745 3425 1882 3480 Con-
