2326 3854
900 149 1558 207 ——124—

298 318 591 373 definiendis
640 317 1004 374 controversiis
1066 316 1180 370 fidei
1235 316 1465 371 accidere
1524 317 1714 388 nequit.
1802 317 1984 390 Neque
2033 338 2146 374 eum

299 424 470 459 casum
508 405 733 478 respicit,
773 423 868 475 quo
906 403 1053 457 iidem
1092 404 1344 476 opinando
1374 404 1509 459 circa
1545 405 1766 476 aliquam
1803 404 2146 476 quaestionem

297 494 514 547 nondum
553 491 807 546 definitam
846 501 1083 544 errarent
1129 491 1183 544 in
1220 492 1434 546 materia
1483 491 1622 546 fidei:
1666 510 1802 563 -quae
1848 491 1981 546 enim
2028 502 2150 547 ante

296 580 634 633 definitionem
671 576 936 631 Ecclesiae
983 578 1036 631 in
1083 578 1242 633 libera
1289 579 1525 652 opinione
1561 589 1863 645 versantur,
1919 579 2148 633 haeresis

295 669 419 721 vitio
469 675 662 721 carent.
755 664 838 717 Ad
889 683 1002 719 eum
1055 666 1226 737 itaque
1281 685 1452 721 casum
1509 667 1854 720 tantummodo
1904 685 2148 739 praesens

296 754 525 825 quaestio
562 751 746 807 referri
783 762 982 825 potest,
1008 771 1106 824 quo
1139 752 1283 826 Papa
1320 753 1520 826 privato
1549 754 1737 827 judicio
1763 754 1998 827 deceptus
2035 772 2148 809 cre-

293 843 465 906 deret,
514 850 566 894 et
601 839 930 912 pertinaciter
965 850 1310 913 propugnaret
1347 841 1531 912 aliquid
1578 840 1886 895 contrarium
1936 840 2149 913 cuipiam

293 927 504 982 articulo
542 926 658 980 fidei
708 927 955 993 evidenti,
1007 937 1095 981 aut
1143 928 1347 981 definito
1369 968 1384 994 ,
1434 929 1566 999 quod
1613 928 1844 983 haeresis
1891 931 2148 1000 proprium

294 1025 390 1069 est.
465 1013 578 1069 Hoc
616 1024 786 1069 autem
823 1014 875 1068 in
913 1033 1035 1069 casu
1074 1014 1283 1087 (quem,
1329 1016 1444 1070 licet
1483 1034 1513 1069 a
1550 1015 1841 1086 definitione
1877 1015 1992 1069 fidei
2028 1025 2081 1069 et
2117 1034 2149 1069 a

292 1112 470 1156 nostro
508 1103 770 1175 proposito
818 1102 1177 1156 alienissimum
1194 1143 1209 1169 ,
1257 1101 1355 1156 Dei
1399 1113 1571 1158 tamen
1607 1103 1858 1177 praesidio
1893 1120 2148 1173 nunquam

291 1199 592 1245 eventurum
648 1189 872 1263 confido)
933 1209 1036 1245 non
1093 1190 1242 1262 pauci
1309 1189 1463 1245 etiam
1531 1210 1602 1246 ex
1663 1192 1789 1264 ipsis
1845 1190 2148 1246 Pontificiae

291 1276 613 1331 auctoritatis
666 1276 946 1332 vindicibus
974 1277 1023 1350 ¹)
1072 1278 1159 1348 jus
1217 1279 1475 1349 generalis
1522 1278 1724 1333 concilii
1772 1279 1826 1331 in
1876 1277 2069 1352 Papam
2117 1298 2148 1333 a

290 1366 385 1418 fidc
438 1364 668 1430 devium,
726 1382 817 1417 seu
872 1352 1184 1418 haereticum
1241 1375 1504 1433 asserunt3
1563 1364 1681 1436 quia
1730 1366 1942 1419 credunt
1994 1367 2145 1420 talem

289 1450 590 1504 Pontificem
629 1468 699 1504 ex
735 1449 847 1523 ipsa
882 1451 1087 1506 haeresi
1124 1454 1187 1505 ab
1221 1450 1484 1506 Ecclesiae
1520 1452 1861 1519 fundamento,
1901 1455 2030 1524 quod
2067 1465 2147 1508 est

290 1539 429 1604 fides,
469 1548 521 1592 et
557 1549 929 1609 consequenter
968 1540 1030 1592 ab
1068 1539 1179 1612 ipsa
1218 1538 1454 1594 Ecclesia
1490 1540 1771 1611 sejunctum
1810 1549 1962 1611 atque
1999 1559 2148 1613 prae-

290 1626 466 1692 cisum,
505 1645 534 1680 a
573 1624 883 1679 Pontificatu
918 1626 1118 1698 penitus
1155 1627 1421 1691 decidisse,
1463 1627 1654 1697 hacque
1690 1626 1746 1679 in
1772 1627 2042 1701 hypothesi
2059 1630 2145 1701 jus

287 1712 546 1784 generaiis
588 1712 787 1767 concilii
824 1715 934 1768 fore
970 1713 1023 1766 in
1060 1732 1204 1780 eum,
1243 1713 1330 1785 qui
1367 1712 1619 1768 Pontifex
1657 1715 1868 1787 amplius
1906 1734 2008 1769 non
2047 1727 2143 1783 est,

287 1819 382 1854 nec
417 1801 640 1873 primatu
675 1801 878 1853 fruitur.
957 1799 1065 1856 Cur
1101 1820 1225 1856 vero
1263 1800 1318 1854 in
1363 1794 1796 1874 praesentissimo
1827 1804 2145 1875 omniumque

288 1888 593 1959 gravissimo
630 1889 852 1961 periculo
890 1889 1034 1955 fidei,
1081 1889 1212 1960 quod
1249 1907 1321 1942 ex
1359 1888 1611 1944 Pontifice
1650 1891 1899 1944 haeresim
1947 1892 2142 1964 privato

287 1976 403 2029 licet
431 1975 619 2047 judicio
668 1986 1019 2048 propugnante
1065 1975 1384 2048 impendenS,
1433 1977 1773 2032 diuturniores
1820 1997 1992 2032 moras
2040 1998 2142 2032 non

286 2072 580 2134 pateretur,
629 2063 903 2117 remedium
941 2082 1013 2117 ex
1059 2063 1317 2134 generalis
1367 2064 1550 2137 synodi
1587 2059 1690 2118 non
1737 2066 1811 2118 ita
1848 2066 1982 2120 facili
2021 2085 2141 2120 con-

284 2151 550 2205 vocatione
587 2152 954 2223 expectandum
993 2151 1259 2205 credatur?
1299 2150 1487 2206 Nonne
1525 2153 1676 2206 etiam
1712 2153 1984 2207 inferiores
2035 2154 2142 2224 qui-

286 2255 480 2308 cunque
516 2238 570 2291 in
606 2248 752 2291 tanto
789 2238 904 2292 fidei
950 2237 1240 2292 discrimine
1291 2239 1606 2311 superiorem
1643 2258 1786 2292 suum
1826 2239 2142 2294 correctione

284 2326 512 2379 fraterna
550 2344 870 2380 commonere
908 2334 1126 2396 queunt,
1164 2326 1217 2378 in
1255 2325 1434 2379 faciem
1471 2326 1631 2380 eidem
1668 2325 1941 2390 resistere,
1989 2337 2141 2398 atque

286 2413 576 2479 revincere,
627 2423 705 2480 et,
755 2413 801 2467 si
849 2432 975 2487 opus
1014 2413 1109 2479 sit,
1155 2414 1466 2485 redarguere
1516 2433 1575 2468 ac
1627 2416 1689 2468 ad
1738 2415 2137 2486 resipiscentiam

284 2503 506 2573 urgere?
568 2500 825 2555 Poterunt
860 2501 909 2554 id
944 2498 1276 2566 Cardinales,
1315 2501 1399 2571 qui
1435 2501 1535 2573 ipsi
1573 2522 1603 2555 a
1642 2502 1867 2555 consiliis
1905 2504 2136 2571 adstant3

283 2588 473 2660 poterit
509 2588 774 2641 Romanus
814 2586 1022 2655 Clerus3
1063 2587 1298 2640 Romana
1336 2587 1486 2640 etiam
1524 2588 1775 2658 synodus,
1813 2590 1859 2642 si
1896 2591 2137 2662 expedire

275 2674 560 2746 judicetur,-
627 2684 940 2745 congregata
1001 2674 1209 2746 poterit.
1313 2672 1674 2745 Quemcunque
1743 2677 1827 2730 vel
1886 2677 2136 2750 privatum

282 2761 561 2834 respiciunt
596 2762 683 2815 illa
719 2760 868 2815 Pauli
908 2762 970 2815 ad
1009 2760 1183 2815 Titum
1224 2760 1364 2833 (Tit.
1406 2781 1450 2815 c.
1495 2762 1580 2815 13.
1619 2782 1671 2816 v.
1717 2763 1864 2836 10.):
1931 2767 2135 2819 Haere-

281 2853 443 2903 ticam
480 2851 744 2903 hominem
773 2858 906 2918 post
941 2870 1101 2904 unam
1139 2858 1192 2904 et
1227 2852 1458 2903 alteram
1511 2854 1900 2906 correctionem
1938 2857 2134 2920 devita,

282 2942 455 2991 sciens
493 2941 625 3008 quia
672 2939 952 2991 subversus
1004 2946 1106 3000 est,
1155 2942 1249 3008 qui
1296 2941 1560 3011 ejusmodi
1606 2947 1708 3001 est,
1765 2947 1819 2993 et
1851 2942 2133 3011 delinquit,

281 3046 400 3078 eum
436 3029 508 3078 sit
538 3029 771 3097 proprio
792 3029 1014 3099 judicio
1065 3028 1464 3079 condemnatus.
1542 3023 1643 3095 Qui
1680 3027 1951 3080 nimirum'
1978 3028 2133 3081 semel

412 3239 445 3295 ¹)
482 3244 615 3283 Favet
655 3242 750 3283 huic
792 3244 1029 3286 sententiae
1070 3243 1335 3283 Innocentius
1367 3245 1436 3283 ΙΙΙ.
1479 3238 1669 3283 sermone
1710 3244 1834 3283 tertio
1875 3244 2016 3284 habito
2061 3245 2128 3285 dic

282 3315 383 3343 suae
415 3303 746 3343 consecrationis
782 3303 1002 3344 scribens:
1058 3302 1111 3343 In
1155 3306 1325 3343 tantum
1355 3301 1470 3352 fides
1509 3302 1625 3344 mihi·
1652 3304 1898 3344 necessaria
1939 3307 2021 3351 est,
2063 3307 2126 3353 ut,

281 3374 377 3403 cum
408 3364 458 3403 in
488 3364 641 3404 ceteris
672 3363 865 3414 peccatis
895 3363 1031 3403 Deum
1058 3362 1249 3412 judicem
1279 3363 1482 3410 habeam,
1523 3366 1703 3415 propter
1732 3367 1980 3414 peccatum,
2012 3366 2128 3416 quod

282 3422 329 3461 in
348 3419 441 3471 fide
473 3423 767 3470 committitur,
802 3423 962 3474 possim
997 3425 1049 3464 ab
1083 3422 1281 3465 Ecclesia
1304 3421 1513 3472 judicor&
1575 3422 1679 3463 Vide
1712 3423 1899 3476 Sylvium
1931 3425 1973 3465 in
2005 3426 2050 3465 2.
2081 3426 2123 3467 2.

281 3484 325 3522 S.
359 3482 544 3522 Thomae
577 3486 677 3523 tom.
710 3483 753 3524 3.
790 3495 828 3535 q.
861 3483 935 3525 39.
968 3486 1047 3525 art.
1082 3482 1125 3526 3.
1161 3483 1342 3524 conclus.
1375 3483 1418 3525 2.
