2326 3854
933 149 1594 206 ——202-———-

333 309 568 364 venerint
604 308 971 385 Episcoporum
1008 323 1096 366 aut
1130 312 1576 387 Metropolitarum
1616 316 1874 381 cessione,
1914 336 1973 372 ac
2009 328 2183 374 tantae

333 397 650 451 auctoritatis
701 400 970 469 ohsequio;
1029 417 1199 454 nonne
1248 419 1319 454 ex
1371 400 1708 455 Orientalium
1757 401 1986 456 cessione
2033 415 2183 476 atque

329 502 583 538 consensu
609 482 1213 558 Constantinopolitanae
1249 488 1358 541 sedi
1394 489 1533 542 nullo
1572 507 1662 560 per
1688 507 1744 542 se
1775 490 1890 560 jure
1926 488 1980 541 in
2008 490 2183 545 alienis

330 571 641 626 dioecesibus
678 572 911 642 fungenti
947 573 1137 627 tributa
1174 575 1379 629 fuerunt
1417 594 1498 643 ea,
1537 594 1667 647 quae
1705 587 1816 630 cum
1855 586 2031 648 postea
2068 596 2185 632 sen-

329 659 423 712 sim
462 658 800 725 obtinuerint,
830 662 916 731 jus
954 661 1200 731 quoddam
1236 662 1512 734 legitimum
1550 673 1885 736 pepererunt,
1925 664 2054 734 quod
2092 683 2186 719 nec

329 745 506 799 summi
530 744 824 813 PontificeS,
864 767 957 802 nec
983 746 1324 802 Occidentalis
1348 748 1585 805 Ecclesia
1611 748 2186 824 Constantinopolitan-is

328 833 651 887 redeuntibus
691 835 754 887 ad
790 835 1035 890 unitatem
1061 835 1443 890 rescindendum
1474 837 1803 910 judicarunt?
1843 835 2032 906 Quidni
2055 839 2184 894 idem

327 921 502 975 saltem
565 931 835 975 censeatur
891 922 953 976 de
1001 922 1387 996 Episcopalibus
1447 943 1506 978 ac
1553 923 1947 997 Metropoliticis
1987 926 2184 996 juribus

327 1007 476 1061 simili
513 1008 744 1062 cessione
783 1018 834 1063 et
879 1027 1132 1064 consensu
1169 1011 1449 1067 reservatis
1495 1011 1601 1065 sedi
1637 1010 1999 1084 Apostolicae‚
2052 1028 2182 1081 quae

318 1097 438 1167 jure
474 1095 720 1167 primatus
759 1097 990 1150 omnibus
1025 1096 1292 1171 Episcopis
1332 1109 1383 1152 et
1419 1097 1765 1170 Metropolitis
1802 1098 1877 1151 ita
1914 1097 2182 1169 praesidet,

324 1193 379 1235 ut
416 1182 462 1236 si
499 1201 561 1236 ea
592 1184 709 1254 jura
749 1183 846 1236 sibi
889 1184 1140 1256 potuisset
1177 1204 1447 1241 reservare
1484 1185 1537 1238 in
1576 1185 1970 1240 aedificationem
2005 1183 2183 1239 Eccle-

326 1271 452 1337 siae,
491 1271 648 1324 multo
679 1270 870 1343 justius
907 1272 1070 1344 possit
1105 1272 1280 1327 iisdem
1312 1273 1511 1345 juribus
1549 1273 1641 1343 uti,
1681 1291 1959 1343 eorumque
1994 1272 2181 1327 cessio-

325 1378 440 1412 nem
478 1375 746 1425 recusare,
784 1359 896 1411 dum
935 1359 986 1412 id
1021 1359 1075 1413 in
1112 1360 1524 1432 perturbationes
1560 1370 1613 1414 et
1650 1360 1886 1414 scandala
1923 1378 2180 1414 cessurum

324 1445 598 1499 creditur?

471 1533 523 1586 5.
601 1531 784 1603 Neque
823 1533 958 1588 dicat
995 1533 1272 1606 quispiam,
1321 1535 1640 1605 antiquorum
1677 1551 1924 1588 canonum
1958 1533 2182 1606 ‹discipin-

326 1640 471 1688 nam,
529 1639 629 1692 qua
662 1618 904 1694 Episcopi
942 1629 993 1675 et
1031 1620 1392 1695 Metropolitae
1429 1621 1535 1676 suis
1572 1621 1893 1677 facultatibus
1930 1621 2183 1676 liberrime

324 1710 625 1774 utebantur,
665 1707 925 1762 meliorem
964 1727 1080 1763 esse
1119 1728 1266 1780 quam
1319 1729 1533 1776 novam,
1580 1720 1631 1764 et
1669 1710 1732 1764 ad
1765 1709 2007 1763 ‘abusuum
2045 1709 2179 1782 peri-

323 1797 435 1852 cula
472 1796 750 1852 avertenda
789 1795 951 1867 magis
1005 1796 1275 1852 idoneam„
1332 1796 1455 1851 Non
1502 1797 1635 1852 enim
1680 1797 1812 1868 quod
1855 1814 1947 1869 per
1983 1815 2040 1850 se
2077 1815 2181 1859 me-

323 1885 418 1939 lius
457 1894 565 1947 est,
602 1882 795 1955 obligat
833 1901 1063 1955 semper3
1112 1902 1207 1939 nec
1255 1884 1309 1937 in
1357 1885 1736 1958 comparatione
1785 1883 1994 1956 majoris
2042 1883 2179 1949 mali,

324 1973 456 2044 quod
492 1971 546 2025 in
584 1991 645 2026 eo
694 1972 1009 2044 procurando
1045 1972 1127 2027 vel
1173 1971 1427 2044 exigendo
1473 1973 1736 2038 timeatur,
1787 1971 1965 2025 melius
2002 1979 2054 2023 et
2091 1989 2179 2042 op-

323 2070 594 2133 portunum
641 2059 778 2112 credi
825 2068 1012 2131 potest.
1099 2058 1211 2113 Hac
1266 2059 1318 2112 in
1370 2078 1426 2113 re
1477 2057 1534 2113 S.
1575 2059 1724 2113 Pauli
1768 2059 1927 2113 verba
1985 2075 2178 2129 expen-

323 2148 514 2214 denda,
554 2145 734 2218 quibus
772 2146 833 2200 de
870 2145 1266 2212 incontinentia,
1311 2147 1371 2200 de
1409 2146 1625 2219 nuptiiS,
1665 2156 1718 2199 et
1755 2146 1814 2200 de
1853 2144 2068 2199 celibatu
2105 2145 2179 2198 lo-

323 2234 511 2305 quitur.
590 2231 872 2288 Celibatum
909 2234 1167 2288 meliorem
1214 2251 1330 2288 esse
1377 2252 1524 2304 quam
1572 2233 1772 2306 nuptias
1819 2232 2008 2286 indicat
2055 2231 2182 2285 scri-

321 2323 475 2393 bens:
514 2322 715 2376 Melius
756 2330 850 2385 est,
887 2326 936 2375 si
973 2325 1050 2376 sic
1077 2325 1464 2391 permanserit.
1521 2319 1742 2393 Nuptias
1779 2320 1898 2374 licet
1934 2309 2038 2373 non
2074 2337 2180 2373 me-

322 2411 475 2464 liores
528 2410 770 2478 celibatu,
831 2428 956 2481 prae
999 2408 1368 2463 incontinentia
1429 2418 1600 2462 tamen
1659 2407 1896 2462 meliores
1945 2406 2179 2462 vocavit:

324 2501 526 2554 Melius
565 2506 646 2552 est
690 2498 892 2551 nubere
939 2517 1098 2568 quam
1146 2501 1238 2551 uri
1287 2495 1370 2568 (l.
1412 2494 1537 2551 Cor.
1580 2497 1631 2562 7,
1670 2495 1777 2568 9.).
1853 2495 2178 2550 Incontinen-

322 2585 444 2639 tiam
482 2595 650 2640 autem
688 2595 740 2638 et
774 2583 1185 2650 fornicationem,
1238 2586 1309 2637 uti
1347 2584 1516 2638 divina
1551 2602 1614 2636 ac
1650 2582 1875 2636 naturali
1910 2583 2024 2652 lege
2061 2599 2179 2653 pro-

321 2673 532 2739 hibitas,
583 2673 813 2726 absolute
849 2671 1081 2726 vitandas
1117 2671 1340 2743 pluribus
1375 2671 1430 2724 in
1485 2670 1608 2724 locis
1653 2669 1824 2722 tradit.
1902 2667 2179 2741 Disciplina

323 2763 552 2816 'veterum
591 2777 839 2813 canonum
878 2758 946 2811 sit
971 2758 1166 2823 melior,
1204 2768 1260 2811 ut
1297 2757 1447 2811 libet:
1489 2768 1543 2811 at
1580 2757 1624 2811 si
1660 2757 1723 2810 ob
1763 2759 1871 2828 ejus
1897 2754 2177 2810 restitutio-

325 2868 437 2903 nem
470 2846 734 2919 disciplina
770 2845 1024 2918 posterius
1061 2845 1294 2911 invecta,
1344 2864 1474 2916 quae
1523 2863 1612 2918 per
1651 2863 1708 2899 se
1758 2844 1890 2898 mala
1940 2861 2041 2896 non
2081 2852 2179 2908 est,

323 2937 390 2990 sit
428 2935 701 3002 abolenda3
749 2933 866 2988 hinc
912 2944 1078 2988 autem
1129 2934 1383 2989 scissurae
1429 2943 1481 2987 et
1529 2932 1771 3004 graviora
1821 2932 1951 2986 mala
1988 2930 2178 3002 impen—

326 3026 476 3091 dant3
536 3022 728 3076 melius
761 3021 815 3075 in
870 3021 948 3075 his
1005 3021 1397 3077 circumstantiis
1453 3019 1552 3075 erit
1607 3019 1831 3074 retinere
1867 3017 2175 3090 disciplinam

322 3131 504 3168 novam
521 3153 534 3178 ,
587 3129 734 3182 quam
772 3129 883 3164 cum
920 3119 1064 3163 tanto
1102 3111 1322 3183 periculo
1361 3111 1414 3164 in
1461 3107 1831 3163 restitutionem
1887 3104 2178 3177 disciplinae

321 3200 511 3255 veteris
549 3198 855 3258 incumbere.
932 3195 1064 3265 Quid
1100 3198 1153 3252 in
1206 3198 1327 3252 solis
1378 3196 1650 3270 capitibuS,
1700 3213 1828 3266 quae
1866 3193 1926 3247 ad
1963 3190 2176 3265 Episco-

322 3305 497 3359 porum
546 3296 597 3340 et
633 3285 1073 3359 Metropolitarum
1104 3289 1224 3358 jura
1273 3287 1324 3339 in
1375 3283 1640 3358 pristinum
1692 3281 1976 3336 revocanda
2022 3280 2175 3352 perti-

324 3385 468 3439 nent,
518 3372 807 3428 Febronius
854 3372 1077 3440 insistit,
1131 3393 1221 3447 pro
1283 3372 1430 3427 aliis'
1453 3381 1619 3435 autem
1669 3369 1891 3442 plurimis
1941 3369 2176 3439 antiquae

321 3460 612 3534 disciplinae
650 3460 926 3534 capitibus,
973 3479 1102 3531 quae
1141 3479 1264 3515 sane
1300 3459 1478 3514 melior
1514 3466 1651 3522 erat,
1692 3457 2017 3511 restituendis
2056 3456 2176 3510 nihil
