2326 3854
900 170 1067 180 ·—-—
1167 134 1292 194 186
1387 169 1557 178 ---

295 323 390 376 quc
443 306 758 373 confutetur,
817 307 880 360 de
926 304 1130 359 Pseudo
1143 303 1359 359 -Isidori
1408 305 1744 360 decretalibus
1794 308 2032 363 nonnulla
2079 328 2150 364 ex

294 393 553 466 proposito
592 393 672 448 hic
711 394 934 447 arbitror
971 392 1311 459 discutienda,
1350 411 1481 464 quae
1519 411 1717 448 omnem
1753 395 1920 447 fucum
1947 396 2153 451 abster-

293 490 435 552 gant.
501 480 835 535 *Decretales
891 479 1135 553 epistolas
1157 518 1171 546 ,
1241 499 1367 551 quas
1425 479 1904 536 Pseudo-Isidorus
1973 483 2156 555 priscis

294 569 626 622 sanctissimis
663 567 997 621 Pontificibus
1034 567 1218 634 affixit,
1258 570 1414 644 falsas
1453 586 1597 636 esse,
1637 579 1689 624 et
1721 588 1791 623 ex
1829 570 1980 642 ipsis,
2017 571 2158 637 falsi-

292 666 398 710 tate
435 656 652 707 nondum
692 655 922 722 detecta,
946 657 1102 709 multa
1140 655 1359 728 capitula
1395 656 1449 710 in
1486 658 1798 730 posteriores
1815 658 2155 723 ,collectiones

294 761 540 798 canonum
578 742 879 814 irrepsisse,
930 753 984 796 et
1021 738 1141 798 cum<
1170 745 1325 816 vulgo
1371 745 1681 798 haberentur
1728 745 1992 813 sincerae,
2031 747 2157 799 mul-

291 842 396 884 tum
435 829 547 883 fidei
584 828 864 883 obtinuisse
902 832 1085 902 negari
1122 850 1226 887 non
1259 841 1450 904 potest.
1501 831 1656 886 Nunc
1681 834 1745 886 ob
1771 833 2151 900 retundendum,

292 918 420 989 quod
459 917 648 993 exinde
688 928 869 972 contra
905 917 1279 991 Apostolicamv
1308 918 1663 974 auctoritatem
1701 920 1923 983 obtrudit
1958 920 2154 977 Febro-

291 1006 434 1072 nius,
472 1005 575 1059 tria
613 1005 675 1059 de
710 1005 886 1059 iisdem
927 1006 1259 1061 decretalibus
1297 1007 1606 1078 quaerenda.
1684 1004 1720 1059 Ι.
1769 1005 1998 1062 Νιιιιι,ἰιι
2033 1027 2153 1082 gra-

289 1095 412 1148 tiam
438 1092 790 1147 Romanorum
817 1091 1123 1162 Pontificum
1162 1096 1225 1148 ob
1264 1095 1489 1168 ipsorum
1525 1104 1831 1168 potestatem
1871 1095 2154 1166 augendam

290 1183 478 1236 fuerint
515 1182 780 1236 confictae.
857 1180 921 1233 Π.
971 1180 1107 1237 Νιιιιι
1149 1202 1238 1250 ea,
1296 1200 1424 1254 quae
1461 1202 1556 1256 pro
1595 1183 1769 1238 eadem
1808 1182 2154 1256 potestate.in

289 1272 467 1326 iisdem
506 1268 841 1325 decretalibus
878 1270 1176 1338 traduntul,
1215 1272 1335 1326 novi
1373 1271 1622 1343 quidpiam
1659 1271 1984 1339 induxerint,
2004 1271 2159 1342 quod

289 1359 628 1413 anterioribus
664 1357 986 1442 temporibus
1013 1376 1117 1412 non
1154 1359 1306 1412 fuerit
1343 1358 1591 1424 auditum,
1609 1359 1712 1413 *vel
1747 1377 1844 1412 usu
1879 1358 2151 1432 receptum.

288 1444 556 1499 111.Num
606 1443 652 1497 si
696 1444 815 1514 quid
860 1461 931 1497 ex
978 1456 1270 1518 praesumta
1327 1445 1526 1499 illarum
1574 1438 1895 1509 auctoritate
1955 1446 2153 1500 facilius

287 1544 620 1608 propagatum
669 1550 861 1603 usuque
918 1544 1174 1606 receptum
1224 1534 1473 1599 obtinuit,
1512 1535 1600 1606 jus
1638 1533 1820 1587 falsum
1858 1534 2151 1599 constituat,

289 1624 421 1694 quod
477 1620 698 1692 antiquo>
726 1620 832 1694 juri
855 1621 1133 1693 -derogare
1182 1638 1287 1676 non
1336 1630 1536 1696 posset,
1586 1621 1660 1675 ita
1704 1631 1762 1675 ut
1800 1622 1862 1675 ad
1893 1624 1979 1695 jus
2017 1619 2151 1675 anti-

290 1730 502 1783 quoium
541 1727 787 1763 canonum
831 1709 897 1762 sit
936 1711 1272 1777 redeundum,
1320 1720 1372 1764 et
1421 1710 1606 1763 abusus
1646 1710 1742 1777 sit,
1790 1708 2039 1781 quidquid
2052 1728 2152 1782 po-

289 1799 477 1853 sterius
504 1802 798 1870 quocunque
825 1797 1030 1852 nomine
1054 1799 1305 1853 invectum
1335 1808 1707 1872 receptumque,
1743 1798 1806 1852 ab
1834 1797 2150 1890 antiquorum

290 1907 535 1943 canonum
576 1885 864 1941 constitutis
903 1886 1173 1940 discordat.

1151 2019 1196 2087 ς.
1244 2017 1286 2072 1.

289 2128 407 2171 Vum
449 2126 710 2173 decretales,
753 2125 949 2177 antiquis
996 2122 1281 2175 Pontificibus
1324 2137 1351 2165 a
1384 2124 1584 2166 Pseudo-
1598 2124 1766 2164 Isidoro
1800 2123 2058 2171 attributae,
2101 2123 2149 2166 in

286 2190 477 2241 gratiam
510 2189 809 2230 Romanorum
839 2186 1098 2226 Praesulum
1114 2185 1466 2297 σοοῖζῄιῖιῖἕέηάαιη
1508 2196 1652 2249 eorum
1694 2186 1952 2258 potestatem
1972 2183 2150 2234 suerent

433 2336 486 2388 2.
564 2330 645 2387 De
683 2330 1094 2387 Pseudo-Isidori
1133 2332 1425 2386 collectione
1451 2257 1705 2405 prolixam
1744 2328 2150 2384 dissertationem

287 2423 589 2495 digessimus
636 2422 882 2475 insertam
934 2419 1065 2494 parti
1102 2419 1288 2473 tertiae
1334 2420 1538 2474 fusioris
1585 2420 1872 2473 Tractatas
1910 2420 1979 2471 de
2017 2421 2150 2472 anti-

287 2516 407 2583 quis
456 2512 865 2565 collectionibus
921 2517 976 2563 et
1027 2510 1408 2562 collectoribus
1457 2527 1754 2569 canonum,
1810 2525 1956 2578 quem
2006 2515 2149 2558 tomo

286 2600 461 2654 tertio·
499 2608 734 2652 nostrae
764 2597 996 2653 Venetae
1049 2595 1284 2650 editionis
1341 2595 1564 2668 Operum
1634 2591 1692 2647 S.
1751 2589 1946 2662 Leonis
2001 2608 2150 2665 prae*

288 2687 554 2741 misimus·
607 2685 742 2741 Vid'e
778 2704 895 2757 pag.
939 2684 1065 2738 215.
1139 2682 1263 2736 Non
1302 2693 1382 2737 est
1419 2699 1545 2755 opus
1583 2690 1764 2736 cuncta
1798 2679 1980 2734 ibidem
2016 2673 2148 2732 dicta

287 2785 536 2848 repetere.
612 2772 690 2826 At
727 2773 779 2826 in
818 2791 926 2827 rem
962 2781 1311 2845 praesentem,
1368 2771 1422 2823 in
1461 2770 1677 2843 gratiam
1716 2787 1921 2834 eorum,
1962 2767 2147 2838 quiea

288 2864 508 2918 editione
547 2872 751 2928 carent,
789 2861 1003 2915 sufficiet
1040 2879 1102 2915 ea
1124 2859 1332 2913 totidem
1371 2858 1542 2914 verbis
1578 2857 1981 2921 transscribere,
2021 2872 2148 2926 quae

287 2953 468 3006 ibidem
507 2952 747 3023 leguntur
793 2950 842 3019 §-
884 2950 935 3002 5.
974 2968 1091 3022 pag.
1132 2949 1257 3001 220.
1298 2966 1433 3000 num.
1476 2948 1562 2999 10.
1616 2945 1700 2998 ubi
1739 2944 1931 3018 primae
1968 2951 2149 3069 propo-

288 3041 418 3105 sitae
458 3038 747 3110 quaestioni
782 3038 1030 3092 credimus
1070 3035 1397 3091 satisfecisse·

433 3124 586 3195 „Quo
625 3127 822 3200 spiritu,
860 3144 958 3199 quo
985 3123 1196 3180 consilio
1223 3122 1463 3178 Pseudo·
1475 3121 1713 3176 Isidorus
1738 3129 1842 3172 tot
1838 3119 2149 3172 documenta

290 3215 665 3282 „confinxerit,
726 3215 1055 3271 omittendum
1104 3230 1217 3265 non
1274 3221 1370 3265 est.
1460 3209 1583 3264 Non
1633 3210 1840 3271 desunt,
1903 3204 1986 3276 qui
2035 3223 2148 3258 eum

290 3303 705 3375 „amplificandae
743 3304 826 3360 vel
873 3301 1211 3357 defendendae
1260 3297 1580 3353 auctoritatis
1619 3295 1966 3348 Romanoium
2005 3288 2146 3346 Pon-

289 3392 508 3458 „tificum
562 3392 726 3445 studio
778 3392 975 3444 ductum
1031 3391 1098 3443 ad
1152 3396 1214 3442 ea
1255 3385 1587 3460 procudenda
1646 3382 1971 3436 excitatum
1971 3376 2148 3434 fuisse

289 3477 657 3545 „arbitr-‚amm
713 3479 827 3532 At
897 3478 1141 3532 falluntur
1199 3475 1482 3533 manifeste.
1579 3469 1728 3526 Licet
1787 3469 1918 3525 enim
1975 3469 2026 3522 in
2083 3467 2148 3521 iis
