2326 3854
990 227 1103 262 XLV

148 372 431 444 etationis⁷
508 371 661 438 cujus
720 371 842 422 acta
898 368 1114 440 integra
1170 363 1386 419 adnexa
1446 364 1576 416 'sunt
1637 357 1947 416 Cardinalis

149 457 331 511 Littae
378 454 620 528 epistolis
667 470 860 522 recens
907 447 1170 526 (1844.)
1219 450 1396 504 editis,

276 542 580 596 Instaurata
608 549 729 610 per.
744 538 1073 592 Febronium
1104 540 1290 592 contra
1318 535 1626 599 Romanam
1650 532 1801 588 Petri
1825 532 1947 588 Ca-

148 629 392 683 thedram
446 624 655 698 proelia
697 623 1053 678 pistoriensis,
1092 623 1446 677 schismatica·
1473 619 1740 693 Synodus
1787 619 1948 701 dioe-

147 729 369 785 cesana,
401 712 487 764 cui
516 709 700 766 1786.
720 720 723 722 ’
747 706 933 780 Scipio
965 707 1032 761 de
1057 707 1286 776 Ricciis,
1311 707 1617 781 Episcopus
1639 706 1948 762 Pistorien-

147 801 222 853 sis
268 801 324 851 et
352 794 632 850 Pratensis
677 794 978 867 praesedit,
1022 795 1165 848 omni
1210 812 1330 870 cum
1377 793 1572 851 ardore
1605 794 1948 848 continuavit.

146 882 323 952 Hujus
370 879 587 951 Synodi
634 897 851 935 errores
893 879 1026 934 Pius
1048 878 1147 934 VI.
1195 881 1454 934 concinne
1500 879 1570 934 ad
1615 878 1696 935 85
1740 879 1949 955 propo-

147 971 371 1024 sitiones
428 967 646 1021 reduxit
690 970 850 1038 atque
908 965 1213 1041 damnavit,
1253 965 1413 1021 editis
1449 965 1536 1020 die
1581 966 1684 1022 28.
1708 964 1951 1040 Augusti

151 1055 335 1112 1794.
358 1054 553 1109 litteris
566 1090 612 1123 ,,
622 1051 912 1107 Autorem
927 1051 1140 1122 fidei“.
1188 1051 1598 1124 Propositiones
1622 1051 1690 1106 ad
1710 1056 1952 1106 nostram

145 1142 426 1196 materiam
470 1142 780 1211 spectantes
805 1137 878 1191 ΙΙ.
908 1142 962 1193 et
989 1137 1090 1192 III.
1132 1156 1297 1211 supra
1319 1142 1437 1208 jam
1468 1137 1775 1192 attulimus
1758 1176 1776 1209 ,
1823 1139 1949 1210 qui-

145 1229 242 1282 bus
288 1222 411 1299 VI.
458 1223 624 1278 VIII.
659 1228 712 1279 et
752 1223 856 1280 XI.
903 1223 1268 1298 adnectimuS,
1317 1225 1512 1296 quippe
1558 1239 1711 1296 quae
1740 1224 1950 1305 princi-

146 1315 249 1386 piis
294 1330 327 1366 a
373 1265 642 1365 Febronio
689 1297 993 1366 constitutis
1030 1323 1288 1384 perquam
1336 1310 1718 1383 respondeant.

274 1397 438 1471 Prop.
485 1395 583 1450 vl.
643 1395 961 1472 „·Doct1ina
1005 1395 1255 1471 Synodi,
1303 1414 1408 1469 qua
1447 1395 1758 1494 profitetur,
1799 1414 1950 1469 per-

146 1501 395 1540 suasum
449 1481 566 1537 sibi
621 1500 779 1554 esse,
849 1482 1216 1559 Episcopum
1263 1480 1563 1555 accepisse
1623 1501 1682 1537 a
1710 1481 1954 1537 Christo

148 1569 348 1625 omnia
361 1572 522 1640 jura
549 1567 900 1626 necessaria
930 1587 1045 1643 pro
1080 1568 1229 1625 bono
1263 1567 1560 1643 reyimine
1593 1586 1744 1624 suae
1780 1568 1952 1623 dioe-

150 1655 327 1726 cesos,-
357 1695 362 1697 >
1499 1703 1504 1708 .

272 1741 492 1814 perinde
538 1758 603 1795 ac
649 1743 696 1795 si
741 1742 809 1797 ad
854 1742 1050 1797 bonum
1090 1742 1339 1816 regimen
1381 1744 1643 1814 cujusque
1684 1742 1954 1796 dioecesis

148 1828 462 1882 necessaria
517 1844 623 1882 non
683 1829 789 1882 sint
847 1829 1159 1900 superiores
1217 1827 1585 1883 ordinationes
1640 1831 1953 1900 spectantes

148 1916 266 1968 sive
311 1912 380 1967 ad
424 1911 584 1966 fidem
629 1917 683 1968 et
726 1930 928 1988 mores⁹
974 1915 1093 1968 sive
1127 1913 1210 1968 ad.
1241 1914 1563 1988 generalem
1593 1913 1952 1988 disciplinam,

147 2017 372 2074 quarum
407 2002 502 2068 jus
549 2003 633 2054 est
675 2016 845 2072 penes
870 1997 1126 2065 Summos
1149 1998 1444 2056 Pontifices
1477 2004 1531 2055 et
1562 1996 1814 2056 Concilia
1838 2018 1952 2074 ge-

145 2085 355 2141 neralia
397 2102 496 2159 pro
540 2086 799 2140 universa
841 2084 1130 2162 Ecclesia,
1167 2117 1254 2125 --
1305 2087 1684 2163 schismatica,
1731 2087 1800 2142 ad
1843 2088 1953 2142 mi-

147 2190 249 2227 nus
285 2167 582 2226 erronea-‘4

272 2256 438 2330 Prop.
464 2256 620 2312 VIII.
666 2257 848 2332 „Item
892 2257 1033 2331 quod
1079 2264 1134 2314 et
1178 2260 1278 2314 sibi
1321 2225 1643 2332 persuasum
1691 2277 1817 2315 esse
1858 2261 1954 2334 ait⁷

135 2344 295 2411 jura
341 2341 627 2415 Episcopi
674 2362 711 2396 a
740 2343 799 2396 J.
832 2344 893 2399 Ο.
941 2349 1190 2417 accepta
1228 2362 1344 2416 pro
1383 2345 1796 2417 quoernandoe
1822 2347 1954 2400 Ec—

154 2426 336 2482 clesia
378 2445 489 2482 nec
535 2427 798 2483 alterari
840 2447 952 2484 nec
996 2428 1282 2503 impediri
1317 2449 1527 2504 pos-se,-
1574 2438 1634 2486 et
1667 2431 1774 2488 ubi
1807 2450 1954 2486 con-

148 2511 361 2586 tiyerit
404 2512 620 2573 horum
660 2514 908 2584 jurium
965 2515 1332 2570 eoeercitium
1376 2516 1590 2589 quavis
1648 2520 1722 2585 de
1767 2537 1957 2574 causa

145 2598 344 2670 fuisse
384 2598 820 2674 interruptum,
859 2620 1036 2674 posse
1078 2620 1312 2676 semper
1337 2602 1704 2678 Episcopum
1737 2624 1810 2660 ac
1845 2607 1955 2660 de-

151 2685 288 2740 bere
331 2684 398 2740 in
430 2685 791 2760 -oriyinaria
829 2700 951 2743 'sua
978 2692 1140 2759 Jura
1180 2689 1445 2762 reyredi,
1493 2690 1958 2765 quotiescunque

149 2769 456 2844 iel-ewiyit
495 2776 701 2843 majm
741 2773 958 2829 bonzvm
999 2793 1147 2830 suae
1192 2775 1508 2833 Ecclesiae
1518 2799 1554 2848 ,·-

279 2858 334 2910 in
379 2874 447 2912 eo
504 2860 644 2930 quod
697 2861 870 2916 innuit
913 2863 1118 2932 jurium
1172 2860 1589 2937 Episcopalium.
1636 2867 1957 2920 exercitium

151 2941 302 2996 nulla
347 2945 612 3015 superiori
651 2950 926 3017 potestate
981 2949 1288 3021 praepediri
1340 2955 1435 3004 aut
1479 2952 1723 3006 cnei-ceri
1767 2968 1955 3026 posse,

153 3028 574 3101 quandocunque
605 3028 912 3104 Episcopus
956 3035 1174 3108 proprio
1209 3034 1419 3104 judicio
1464 3039 1739 3092 censuerit
1769 3039 1956 3091 ‘minus

151 3112 203 3166 id
252 3115 512 3187 expedire
557 3118 751 3186 majori
794 3118 933 3172 bono
971 3136 1107 3174 suae
1134 3118 1457 3194 Ecclesiae3
1485 3153 1562 3160 --
1610 3123 1869 3177 inducens
1902 3124 1955 3177 in

153 3199 393 3254 schisma
431 3206 489 3255 et
518 3204 1280 3260 subversionem‘hierarchici
1311 3196 1614 3279 regimi'n'iS,
1662 3206 1955 3263 erronea.“

279 3285 444 3360 Prop.
470 3285 575 3342 XI.
630 3286 962 3363 „Sententia
1007 3292 1291 3345 enuntians
1337 3294 1511 3346 veteri
1557 3298 1820 3364 majorum
1863 3296 1955 3350 in-

154 3371 340 3430 stituto
387 3375 451 3428 ab
498 3373 835 3447 Apostolicis
880 3392 1052 3448 usque
1083 3378 1412 3450 temporibus
1458 3379 1648 3455 ducto,
1686 3398 1785 3453 per
1829 3398 1955 3436 me·-

154 3456 293 3510 liora
338 3456 625 3515 Ecclesiae
688 3462 912 3516 saecula
965 3467 1220 3533 servato,
1281 3468 1561 3537 receptum
1618 3465 1819 3537 fuisse,
1887 3471 1958 3520 ut
