2326 3854
381 305 614 375 Papalis
652 305 922 371 existeret,
962 306 1146 360 debere
1184 305 1388 359 obedire
1425 305 1478 358 in
1515 305 1679 358 tribus
1717 307 1945 374 casibus,
1983 310 2227 372 haeresiS,

377 393 692 459 schismatiS,
749 403 798 446 et
849 392 934 445 ubi
985 401 1167 463 agatur
1205 392 1265 445 de
1320 392 1681 446 reformatione
1727 411 1939 446 morum.
2007 394 2072 448 In
2109 416 2229 450 casu

376 479 632 545 haeresiS,
672 479 782 549 quis
821 479 1015 533 inficias
1053 478 1146 531 ibit
1180 479 1343 552 ipsum
1384 479 1672 534 Romanum
1709 478 2011 533 Pontificem
2047 482 2227 537 debere

375 586 490 622 sese
529 566 827 620 submittere
876 566 1244 620 definitionibus
1292 567 1406 621 fidei
1451 586 1480 621 a
1507 567 1756 639 generali
1804 567 2014 621 concilio
2065 569 2226 635 editis,

370 655 709 728 praeditisquc
759 653 1138 707 confirmatione
1191 672 1283 708 seu
1330 673 1583 709 consensu
1617 655 1945 728 Apostolico‚
1994 674 2092 725 quo
2140 674 2228 710 eas

371 742 601 813 indigere
638 740 963 812 probavimus
1002 760 1042 794 c.
1081 742 1134 796 3.
1174 752 1230 795 ut
1268 743 1581 796 constituant
1619 737 1799 814 dogma
1835 740 1978 808 fidei3
2018 760 2130 795 cum·
2166 745 2225 796 ad

370 830 421 881 id
470 847 646 882 omnes
695 829 984 900 obligentur
1013 831 1130 901 jure
1176 828 1380 883 divino?
1457 826 1604 897 Quae
1657 830 1787 884 enim
1839 848 1871 882 a
1906 829 2227 901 generalibus

371 916 595 970 conciliis
643 916 954 970 assentiente
998 915 1298 988 Apostolica
1346 913 1479 970 Sede
1531 916 1666 970 circa
1713 916 1858 973 fidem
1906 917 2226 982 definiuntur,

369 1004 608 1075 dogmata
646 1012 765 1057 sunt
801 1023 832 1057 a
867 1002 980 1059 Deo
1019 1004 1263 1068 revelata,
1303 1002 1482 1074 quibus
1519 1022 1623 1057 non
1662 1003 1897 1069 humano,
1933 1006 2023 1057 sed
2057 1005 2224 1061 divino

359 1092 476 1163 jure
512 1091 627 1144 fidei
664 1109 905 1145 assensus
943 1091 1152 1144 debetur
1190 1090 1251 1142 ab
1291 1090 1541 1144 omnibus,
1617 1089 1760 1143 Haec
1796 1109 1923 1145 vcra
1959 1091 2090 1144 ratio
2129 1089 2245 1158 est,

368 1180 431 1232 oh
471 1195 637 1250 *quam
686 1177 833 1249 Papa
886 1176 1141 1247 obligetur
1191 1177 1560 1232 definitionibus
1618 1177 1916 1248 dogmaticis
1971 1180 2225 1252 generalis

368 1264 603 1322 Concilii.
680 1262 782 1334 Qui
819 1283 891 1318 ex
927 1265 1022 1318 hoc
1061 1265 1263 1318 decreto
1303 1265 1550 1319 deducunt
1577 1254 2011 1319 Constantienses*
2034 1265 2225 1320 Patres

367 1353 460 1406 hoc
498 1353 608 1425 ipso
659 1355 764 1406 non
811 1352 972 1419 solussm
1023 1351 1302 1423 subjecisse
1338 1350 1534 1424 Papam
1585 1351 1877 1405 auctoritati
1915 1354 2223 1425 synodorum

366 1439 708 1511 generalium,
757 1457 932 1494 verum
970 1438 1125 1492 etiam
1165 1431 1481 1510 significasse
1531 1458 1642 1493 eum
1690 1458 1842 1511 posse
1879 1459 2055 1494 errare
2080 1441 2224 1495 vcirca

366 1528 542 1596 fidem,
582 1527 627 1580 si
662 1527 729 1579 de
764 1545 943 1602 errore
981 1526 1322 1580 definitionum
1359 1527 1674 1598 intelligant,
1711 1528 1840 1580 falsa
1879 1537 1933 1580 et
1968 1546 2070 1580 non
2107 1546 2223 1600 pro-

366 1616 485 1668 bata
525 1613 795 1687 hypothesi
833 1615 1099 1680 laborant3
1151 1632 1315 1684 neque
1362 1613 1502 1667 enimv
1546 1632 1617 1667 ex
1666 1615 1764 1667 ullo
1804 1623 1954 1667 textu
2002 1615 2224 1687 ipsorum

366 1700 580 1754 Patrum
602 1700 821 1771 <aliquod
855 1700 1091 1755 indicium
1131 1702 1403 1766 afferetur,
1457 1720 1554 1772 quo
1605 1701 1678 1755 illi
1729 1701 2036 1756 crediderint
2073 1721 2224 1775 posse

365 1807 544 1842 errare
580 1785 816 1841 Summos
854 1786 1132 1842 Pontifices
1189 1808 1296 1843 cum
1316 1789 1616 1855 ›definiunt,
1665 1788 1841 1860 hicque
1891 1808 2038 1843 casus
2084 1791 2222 1844 nullo

366 1876 599 1948 exemplo
637 1875 879 1942 innixus,
926 1885 1136 1947 totoque
1191 1887 1370 1930 nostro
1410 1886 1693 1949 systemate
1743 1878 2043 1949 reprobatus
2089 1878 2224 1931 inter

363 1963 697 2037 ‘impossibilia
734 1964 1029 2018 referendus
1068 1974 1164 2018 est.
1243 1961 1391 2031 Quod
1440 1963 1498 2016 si
1533 1982 1645 2016 non
1675 1965 1959 2036 negandum
1992 1964 2224 2018 videatur

364 2052 566 2106 eosdem
593 2049 871 2106 Pontifices
907 2069 1057 2124 posse
1095 2070 1290 2116 errare,
1329 2052 1410 2105 vel
1450 2050 1716 2121 aliquando
1743 2067 1948 2105 errasse
1974 2051 2221 2124 opinando

363 2140 447 2195 vel
491 2138 766 2193 omittendo
816 2149 912 2206 ,aut
967 2139 1268 2211 negligendo
1320 2138 1785 2193 condemnationem
1843 2138 1987 2193 novi¹
2010 2139 2222 2211 alicujus

364 2226 556 2281 erroris
596 2245 687 2280 seu
724 2227 982 2294 haeresi83
1024 2246 1134 2280 cum
1173 2227 1225 2280 hi
1263 2245 1415 2294 casus
1450 2245 1551 2278 nou
1591 2235 1766 2280 essent
1804 2244 2010 2286 errores
2047 2227 2221 2280 delini-
2283 2284 2291 2291 ,

363 2315 538 2381 tioniS,
575 2315 702 2368 nihil
739 2325 920 2369 contra
948 2325 1187 2369 ¹nostram
1213 2314 1395 2367 thesim
1434 2314 1570 2367 solas
1608 2314 1813 2386 proprie
1849 2314 2009 2368 dictas
2047 2313 2220 2387 delini-

362 2403 529 2458 tiones
575 2413 975 2476 propugnantem
1025 2402 1338 2458 evincerent.
1425 2399 1485 2454 Si
1532 2411 1718 2455 ‘autem
1777 2401 1853 2454 his
1912 2402 1965 2454 in
2002 2400 2219 2455 ‘casibus

364 2489 510 2564 Papa
546 2491 804 2562 gener-alis
843 2489 1041 2544 concilii
1080 2491 1285 2544 decreto
1325 2507 1594 2543 erroneam
1633 2491 1741 2561 ejus
1779 2488 2094 2561 opinionem,
2132 2499 2220 2541 aut

364 2577 756 2649 negligentiam,
808 2594 918 2632 seu¹⁸
954 2577 1277 2630 omissionem
1326 2575 1606 2646 corrigenti
1652 2586 1853 2648 ¹parere
1887 2576 2119 2641 deberet,
2171 2576 2217 2627 id

364 2683 478 2719 eum
516 2682 620 2718 non
656 2663 814 2735 ipsiu-s
851 2663 1052 2717 concilii
1094 2665 1246 2734 jure,
1296 2663 1384 2716 sed
1423 2663 1604 2716 altiore
1644 2663 1754 2731 illo,
1802 2663 1864 2716 de
1910 2681 2008 2732 quo
2067 2672 2219 2716 antea

363 2751 613 2816 diximm,
677 2751 951 2823 obligatmn
999 2759 1310 2823 praestaret,
1381 2759 1435 2801 ut
1484 2768 1548 2803 ne
1596 2751 1783 2804 exinde
1839 2749 2040 2804 concilii
2085 2752 2219 2822 ejus-

364 2840 475 2894 dem
525 2838 802 2893 auctoritas
827 2848 829 2851 “
848 2857 946 2912 per.
986 2857 1072 2903 se,
1122 2849 1174 2893 et
1215 2840 1301 2910 jus
1352 2837 1630 2913 coactivum
1677 2857 1830 2911 supra
1867 2836 2062 2910 Papam
2094 2852 2217 2909 pro·

362 2928 589 2983 baretur.
681 2911 687 2917 ⁴
902 2933 907 2938 ’
1021 2935 1025 2938 ’
1143 2977 1146 2979 ,

516 3015 601 3070 10.
678 3012 847 3068 Porro
885 3013 938 3066 iu
977 3031 1097 3068 casu
1133 3012 1444 3082 schismatis,
1483 3013 1535 3066 in
1573 3033 1671 3085 quo
1708 3009 1944 3066 Summus
1970 3010 2216 3065 Pontifex

363 3103 585 3159 omnium
624 3101 848 3156 maxime
873 3103 990 3173 jure
1019 3101 1263 3159 *naturali
1284 3120 1345 3155 ac
1383 3100 1736 3167 divinodebet
1771 3098 2001 3151 omnibus
2039 3099 2215 3153 mediis

363 3191 457 3261 uti,
494 3201 553 3244 ut
588 3191 704 3243 illud
743 3189 1031 3261 extinguat,
1071 3185 1925 3262 unitatemque,*lcuicustodie'ndae
1962 3204 2021 3238 ac
2055 3185 2216 3241 vindi-

363 3279 552 3334 candae
591 3298 663 3332 ex
687 3278 907 3351 primatu
942 3276 1256 3350 potissimum
1283 3267 1570 3353 obligatur,
1589 3272 1850 3329 Ecclesiae
1875 3272 2213 3328 necessariam

364 3365 717 3432 restituat-,si
755 3384 843 3419 eX.
883 3385 962 3436 gr.
1013 3364 1126 3418 aliis
1163 3363 1341 3418 mediis
1386 3359 1826 3438 frustrassvtentatis
1867 3360 2087 3414 schisma
2124 3374 2214 3413 ne-

363 3462 515 3522 queat
551 3453 742 3508 aboleri
792 3471 889 3506 msi
940 3452 1171 3520 cessione
1219 3449 1653 3514 contendentium,
1714 3448 1799 3517 qui
1847 3450 1965 3519 jure
2020 3448 2215 3517 aequali
