2326 3854
742 1002 1496 1099 PRAEMONITUM

499 1190 611 1262 IN
669 1189 1049 1271 NOVAM
1107 1185 1734 1262 EDITIONEM.

934 1412 1299 1420 —————-—-—

221 1546 498 1660 „summ
541 1582 813 1639 soliditate
858 1581 1094 1658 Petrae,
1150 1587 1209 1637 ut
1253 1582 1434 1637 verbis
1480 1579 1737 1636 exordiar
1780 1577 1866 1633 Pii
1909 1595 2018 1652 pa-

219 1686 322 1744 pae
355 1667 477 1744 Vl„
525 1665 617 1742 (in
635 1668 806 1723 Brevi
851 1668 976 1724 dato
1022 1668 1110 1723 die
1153 1667 1258 1724 28.
1285 1666 1582 1723 Novembr.
1616 1662 1839 1742 1786.)
1886 1664 2020 1720 fun-

221 1756 400 1810 datam
445 1772 478 1809 a
508 1750 729 1809 Christo
760 1752 1092 1824 Ecclesiam,
1138 1751 1469 1825 Petrumque
1515 1753 1783 1826 singulari
1814 1747 2022 1806 Christi

220 1857 443 1896 munere
487 1856 621 1913 prae
651 1841 852 1895 ceteris
885 1840 1138 1914 electum,
1185 1840 1275 1912 qui
1299 1837 1524 1892 Vicaria
1554 1841 1825 1911 potestate
1855 1836 2020 1909 Apo-

221 1927 396 1982 stolici
441 1922 612 1984 Chori
656 1924 922 1999 Princeps
969 1927 1264 2000 existeret,
1321 1925 1592 1996 totiusque
1639 1922 1779 1978 adeo
1825 1925 2021 1998 gregis

219 2011 509 2087 pascendi,
565 2010 764 2066 fratres
810 2010 1192 2086 confirmandi,
1248 2013 1468 2083 totoque
1515 2011 1644 2065 orbe
1700 2009 1912 2084 ligandi
1958 2027 2021 2063 ac

220 2097 466 2154 solvendi
511 2114 773 2153 summam
817 2115 1004 2152 curam
1049 2098 1500 2169 autoritatemque
1551 2098 1606 2150 in
1651 2092 2022 2151 successores

221 2185 361 2240 omni
407 2201 546 2239 aevo
601 2184 1005 2258 prorogandam
1058 2184 1393 2256 susciperetz
1454 2182 1693 2255 Doqma
1743 2180 2020 2237 catholi-

223 2288 356 2324 cum
400 2273 520 2341 est,
576 2269 718 2343 quod
762 2286 857 2324 ore
903 2265 1108 2324 Christi
1153 2272 1469 2344 acceptum,
1527 2270 1752 2342 perenni
1795 2267 2022 2323 Patrum

221 2354 623 2429 praedicatione
667 2354 921 2413 traditum
975 2373 1040 2410 ac
1086 2354 1404 2430 defensum,
1461 2352 1720 2409 Ecclesia
1766 2357 2023 2409 universa

223 2441 364 2495 omni
421 2442 603 2495 aetate
660 2442 1000 2495 sanctissime
1053 2442 1307 2509 retinuit,
1372 2441 1698 2512 saepiusque
1756 2440 2021 2494 adversus

220 2528 541 2581 novatorum
596 2542 811 2581 errores
856 2523 1203 2581 Summorum
1247 2524 1568 2580 Pontificum
1613 2521 2019 2581 Conciliorum-

221 2628 324 2684 que
364 2610 597 2666 decretis
642 2611 989 2668 confirmavit.
1058 2611 1120 2666 In
1150 2612 1254 2666 hoc
1285 2612 1493 2666 scilicet
1513 2610 1870 2686 Apostolicae
1895 2607 2019 2683 Ca-

222 2697 445 2752 thedrae
489 2695 802 2770 Principatu
854 2696 1064 2753 firmum
1107 2698 1280 2753 voluit
1325 2694 1579 2754 Christus
1633 2699 2019 2754 constrictum-

222 2799 324 2855 que
368 2785 542 2838 teneri
585 2785 803 2839 unitatis
847 2785 1150 2860 vinculum,
1198 2801 1300 2856 quo
1342 2782 1602 2839 Ecclesia
1645 2801 1744 2858 per
1787 2785 2018 2839 univer-

223 2885 343 2922 sum
387 2869 640 2924 mundum
683 2869 1071 2946 propaganda,
1131 2887 1204 2925 ex
1245 2872 1499 2926 membris
1553 2874 2019 2944 quantumcunque

223 2953 444 3029 dissitis,
490 2958 676 3009 mutua
719 2956 953 3011 omnium
995 2958 1050 3011 in
1093 2973 1200 3012 uno
1237 2952 1433 3030 Capite
1479 2958 1920 3032 consociatione,
1966 2958 2021 3010 in

222 3057 383 3094 unam
427 3040 668 3112 corporis
703 3057 1023 3114 compa-gem
1053 3042 1418 3118 coalesceret,
1464 3041 1724 3115 fieretque
1755 3042 1917 3118 adeo,
1963 3045 2022 3096 ut

221 3125 381 3196 hujus
426 3126 510 3180 vis
555 3128 839 3198 potestatis
884 3142 992 3182 non
1037 3127 1104 3182 ad
1148 3130 1356 3200 primae
1387 3126 1554 3185 Sedis
1593 3128 2018 3202 amplitudinem,

224 3210 321 3264 sed
367 3213 422 3264 et
464 3212 699 3267 maxime
744 3211 814 3266 ad
858 3214 1098 3286 corporis
1133 3215 1295 3268 totius
1325 3215 1695 3289 integritatem
1725 3213 2016 3269 incolumi-

222 3299 491 3367 tatemque
535 3294 810 3355 valeret-‘⁶

348 3380 539 3437 Posito
581 3383 752 3439 hocce
795 3382 1114 3439 Pontificum
1143 3383 1516 3440 Romanorum
1562 3386 1820 3458 primatus
1867 3384 2016 3458 dog-

225 3470 366 3522 mate
411 3467 712 3540 catholico,
781 3472 868 3543 qui
913 3487 1019 3526 non
1077 3472 1246 3526 solius
1302 3471 1561 3547 honoris,
1629 3469 1726 3526 sed
1774 3470 2016 3543 plenae,
