2326 3854
987 92 1600 147 *lg-.-

373 260 762 331 promovendam
811 270 862 313 et
913 259 1285 313 custodiendam
1322 258 1686 315 communionis
1734 269 1786 311 et
1823 259 1935 327 fidei
1972 259 2217 313 unitatem

374 364 481 400 cum
523 344 579 399 S.
621 345 767 399 Petri
823 346 941 399 sede
997 344 1208 396 unitatis
1266 344 1543 398 catholicae
1600 354 1774 398 centro
1827 345 2042 399 debeant
2097 365 2218 402 con-

373 433 587 504 spirare.
665 432 766 504 Ipsi
804 441 922 484 sunt
971 439 1197 488 centrum
1249 430 1457 484 unitatis
1506 450 1679 485 earum
1730 431 2103 504 provinciarum
2138 435 2220 490 vel

373 519 665 591 ampliorum
714 519 1041 584 dioeceseon,
1092 516 1269 586 quibus
1317 529 1583 589 praesunt:
1634 529 1686 572 at
1735 529 1962 573 centrum
2009 520 2220 573 imitatis

373 596 591 676 omnium
629 616 708 658 est
747 604 893 657 sedes
931 601 1099 668 Petri,
1139 603 1217 656 cui
1254 613 1309 656 ut
1347 622 1540 674 omnes,
1579 607 1664 676 qui
1701 606 1823 679 ipsis
1863 607 2095 675 subsunt,
2134 608 2221 660 ad·-

373 694 644 757 haereant‚
694 691 876 744 debent
915 691 1247 761 contendere,
1285 690 1608 763 maximeque
1647 712 1858 763 cavere,
1907 711 1972 746 ne
2009 692 2121 762 quis
2159 694 2221 746 ab

373 799 432 832 ea
479 779 674 830 unitate
725 777 990 831 desciscat.
1075 777 1218 830 Haec
1266 787 1346 830 est
1394 780 1663 850 explorata
1700 779 1758 834 S.
1798 779 1994 833 Leonis
2042 778 2224 851 Magni

371 865 630 930 doctrina,
679 884 831 935 quam
869 865 1223 923 cohaerentem
1274 882 1383 917 cum
1435 865 1647 919 aliorum
1684 866 1899 921 Patrum
1949 867 2223 921 traditione

372 953 488 1005 alibi
535 952 695 1005 fusius
757 952 994 1024 exposita
1050 952 1177 1005 idem
1228 949 1448 1004 Sanctus
1507 951 1756 1008 Pontifex
1812 954 1864 1006 in
1927 954 2115 1008 litteris
2152 955 2224 1007 >ad

368 1039 701 1093 Anastasium
740 1038 1252 1093 Thessalonicensem
1293 1036 1421 1110 (Ep.
1452 1038 1538 1091 14.
1582 1041 1647 1093 al.
1679 1041 1765 1106 12,
1806 1039 1923 1105 ll.)
1962 1041 2225 1113 perspicue

371 1126 652 1182 declaravit
690 1126 767 1179 his
805 1125 998 1180 verbisz
1041 1128 1198 1179 Haec
1235 1129 1505 1179 conneoeio
1531 1130 1694 1180 totius
1732 1131 1948 1197 quidem
1973 1132 2225 1199 corporis

369 1217 772 1267 unanimitatem
822 1217 1081 1284 requirit3
1143 1216 1241 1266 sed
1292 1217 1608 1283 praecipue
1653 1218 1828 1285 exiyit
1874 1217 2225 1270 concordiam

376 1303 764 1366 Sacerdotum‚
814 1303 1003 1372 quibus
1053 1321 1172 1354 cum
1219 1303 1457 1370 dignitas
1508 1305 1579 1354 sit
1624 1307 1944 1365 communis,
1998 1321 2108 1368 non
2147 1310 2226 1356 est

370 1396 545 1441 tamen
592 1389 731 1457 ordo
777 1390 1081 1457 generalis.-
1132 1392 1386 1459 quoniam
1435 1396 1487 1441 et
1536 1391 1675 1441 inter
1713 1390 2043 1443 beatissimos
2081 1388 2223 1459 Apo-

371 1476 537 1527 stolos
587 1477 643 1526 in
693 1476 1042 1528 similitudine
1094 1476 1317 1528 lionoris
1363 1478 1478 1543 fuit
1522 1478 1788 1544 quaedam
1837 1479 2093 1532 discretio
2123 1496 2224 1546 po-

371 1564 603 1623 testatis3
643 1568 696 1614 et
719 1581 837 1615 cum
876 1563 1122 1625 omnium
1138 1581 1252 1631 par
1290 1570 1429 1615 esset
1464 1563 1672 1623 electi0‚
1707 1551 1805 1615 uni
1827 1571 2003 1616 tamen
2042 1566 2227 1617 datum

372 1653 463 1714 est,
497 1655 562 1700 ut
593 1651 788 1701 ceteris
819 1652 1206 1716 praemineret.
1284 1650 1373 1702 De
1411 1667 1521 1719 qua
1540 1652 1727 1717 forma
1754 1668 1965 1721 quoque
2004 1652 2226 1720 Episco-

364 1754 565 1802 porum
580 1722 686 1796 [est
721 1742 843 1788 orta
882 1736 1185 1802 distinctio,
1235 1744 1287 1789 et
1333 1755 1531 1806 mayna
1570 1738 1915 1790 ordinatione
1946 1742 2227 1808 provisum

374 1829 467 1884 est,
506 1841 573 1876 ne
602 1840 782 1875 omnes
820 1823 924 1874 sibi
948 1826 1130 1875 omnia
1166 1826 1521 1896 vindicarent,
1560 1826 1660 1876 sed
1695 1831 1872 1876 essent
1905 1828 1962 1877 in
2001 1826 2226 1895 sinqulis

364 1912 666 1978 provinciis
712 1908 966 1979 singuli,v
998 1929 1225 1980 quorum
1271 1897 1410 1963 inter
1452 1914 1662 1978 fratres
1713 1911 2002 1965 haberetur
2039 1915 2226 1981 prima

371 2000 660 2058 sententia3
698 2004 751 2048 et
785 2016 976 2056 rursus
1013 1998 1233 2067 quidam
1257 2001 1312 2049 in
1351 1998 1643 2070 majoribus
1678 1997 1898 2050 urbibus
1936 2000 2227 2059 constituti,

373 2079 788 2137 sollicitudinem
837 2087 1175 2154 susciperent
1218 2086 1565 2154 ampliorem,
1616 2084 1779 2134 PER
1826 2084 2040 2144 QUOS
2074 2090 2227 2148 (nota

373 2160 594 2242 scopam
631 2173 874 2235 unitatis)
911 2169 1021 2222 AD
1071 2170 1300 2244 UNAM
1320 2171 1572 2223 PETRI
1597 2172 1874 2223 SEDEM
1905 2173 2227 2233 universalis

375 2259 654 2312 Ecclesiae
691 2277 826 2311 cura
863 2260 1185 2327 conflueret,
1237 2266 1289 2311 et
1337 2257 1561 2310 NIHIL
1609 2255 1943 2326 USQUAM
1978 2256 2028 2309 Α
2070 2257 2229 2310 SUO

383 2343 673 2398 CAPITE
706 2342 1149 2397 DISSIDERE
1156 2345 1216 2397 T
1303 2345 1358 2398 ld
1405 2344 1786 2424 intelligendum
1824 2361 1967 2417 esse,
2013 2362 2080 2407 ne
2117 2343 2228 2414 quis

375 2431 642 2504 praecipue
679 2431 946 2489 dissideret
982 2451 1014 2485 a
1050 2432 1144 2485 fide
1183 2432 1359 2504 capitis
1396 2433 1448 2487 vi
1487 2451 1547 2486 ac
1584 2433 1785 2487 ratione
1800 2431 2094 2502 primatus,
2143 2430 2227 2501 qui

375 2518 620 2572 unitatem
658 2518 771 2572 fidei
809 2517 1124 2590 potissimum
1174 2517 1409 2590 respicit,
1458 2517 1694 2588 colligere
1740 2517 1858 2570 licet
1895 2533 1966 2570 ex
2003 2517 2227 2588 ejusdem

376 2605 589 2677 epistola
639 2605 724 2658 lo.
775 2605 835 2657 ad
898 2603 1178 2676 Episcopos
1236 2603 1525 2676 provinciae
1579 2602 1887 2658 Viennensis
1947 2622 1990 2656 c.
2046 2605 2094 2656 1.
2142 2605 2227 2657 ubi

376 2710 661 2761 sermonem
710 2690 899 2745 faciens
948 2691 1008 2743 de
1044 2691 1158 2744 fidei
1202 2689 1602 2763 praedicatione,
1659 2686 1839 2763 ‘Hujus
1877 2694 2108 2743 muneris
2146 2711 2227 2744 sa-

376 2786 732 2843 cramentum,
778 2776 969 2848 inquit,
1017 2781 1094 2830 ita
1132 2778 1400 2831 Dominus
1450 2780 1526 2830 ad
1571 2781 1804 2830 omnium
1839 2778 2229 2848 ¹Apostolorum

377 2870 614 2937 officium
655 2869 935 2950 pertinere
983 2866 1177 2926 voluit,
1227 2872 1287 2917 ut
1333 2869 1389 2917 in
1439 2865 1743 2918 beatissimo
1795 2864 1965 2918 Petro
1999 2865 2227 2936 Aposto-

377 2957 550 3008 lorum
607 2955 839 3007 omnium
886 2971 1086 3005 summo
1137 2952 1342 3004 PRIN
1344 2949 1608 3005 CIPALI
1613 2951 1767 3004 TER
1811 2953 2127 3015 collocarit,
2177 2960 2231 3004 et

377 3044 443 3094 ab
482 3045 601 3118 ipso
641 3043 799 3111 quasi
835 3043 1068 3110 quodam
1094 3028 1273 3109 capite
1312 3041 1457 3092 dona
1483 3059 1582 3092 sua
1620 3041 1791 3092 velit'
1769 3058 1824 3090 in
1850 3056 2049 3106 corpus
2075 3056 2228 3090 omne

377 3149 617 3190 manare,
654 3136 713 3181 ut
750 3135 993 3181 exortem
1031 3147 1087 3180 se
1125 3130 1367 3199 mysterii
1401 3126 1726 3196 irztelliyeret
1760 3143 1872 3177 esse
1911 3125 2097 3186 divini,
2135 3128 2231 3194 qui

379 3236 539 3269 ausus
572 3219 754 3284 fuerit
795 3237 828 3268 a
871 3216 1029 3268 Petri
1066 3217 1342 3268 soliditate
1379 3215 1646 3267 recedere.
1663 3203 1665 3207 Α
1725 3209 2037 3266 Adverbium
2070 3215 2228 3282 prin-

379 3305 631 3398 cipaliter
671 3303 948 3374 subJectum
986 3286 1192 3356 vocibus
1232 3298 1638 3377 Apostolorum
1658 3301 1888 3351 omnium
1926 3318 2125 3352 summo
2166 3298 2228 3351 ad

380 3388 642 3460 primatum
695 3390 940 3453 lefeitur,
999 3387 1165 3442 velba
1204 3397 1371 3441 autem
1424 3408 1454 3440 a
1499 3374 1655 3438 Petri
1699 3388 1972 3439 soliditate
2021 3384 2227 3438 solidam
