2326 3854
995 131 1614 188 Um*-

374 296 462 348 sed
499 315 797 368 expressam
849 297 1317 350 condemnationem
1367 295 1672 357 omittendO,
1721 297 1838 350 licet
1875 299 1939 350 ob
1978 300 2226 372 implexas

374 392 492 436 tunc
531 383 934 437 circumstantias
989 382 1108 435 facti
1158 382 1235 435 ita
1273 378 1405 435 hona
1459 383 1552 436 fide
1603 382 1835 437 omisisse
1872 385 2130 452 videatur,
2177 397 2233 438 ut

376 585 498 624 quem
525 574 650 613 obvia
683 572 910 612 eairundem
951 571 1181 611 litterarum
1214 572 1343 611 verba
1374 573 1645 625 praeferunt,
1685 575 1762 614 sed
1794 567 1928 624 illum,
1977 586 2057 626 quo
2091 575 2234 615 eadem

376 634 506 673 verba
537 634 809 674 oeconomica
841 631 1019 682 quadam
1060 632 1376 685 dispensatione
1419 633 1553 673 minus
1584 637 1708 674 caute
1741 647 1957 686 expressa,
1987 635 2030 675 in
2062 646 2233 687 pravum

374 706 538 733 sensum
569 705 594 731 a
625 692 914 732 Monothelitis
946 692 1115 731 fuerunt
1148 692 1333 740 detorta,
1377 697 1423 733 ut
1455 706 1530 733 suo
1574 695 1707 734 errori
1746 695 2027 746 patrocinium
2058 707 2109 734 ex
2141 696 2233 749 ipso

376 753 580 792 Pontifice
614 756 882 802 quaererent.
945 752 1042 791 Non
1076 748 1178 803 ergo
1210 752 1380 792 obvium
1418 753 1643 794 verborum
1683 767 1872 803 sensum,
1919 755 2013 806 qui,
2058 758 2102 794 ut
2134 755 2236 795 alibi

375 812 649 858 ostendimus,
684 811 736 850 ab
769 811 936 854 haeresi
969 812 1288 852 Monothelitica
1317 813 1453 863 abest,
1484 813 1733 854 damnarunt
1764 815 1932 861 concilii
1965 815 2126 867 Patres,
2160 814 2237 854 sed

377 884 494 920 eum,
541 884 661 922 quem
693 872 871 911 Honorii
904 873 1061 912 litteris
1091 883 1223 924 prava
1253 873 1606 924 interpretatione
1648 873 1874 914 affixerunt
1905 874 2234 921 Monothelitae;

376 931 604 983 eademque
637 931 689 970 de
723 943 850 971 causa
883 932 974 983 ipse
1008 932 1206 971 Pontifex
1238 944 1329 971 cum
1361 932 1507 972 iisdem
1537 932 1829 973 Monothelitis
1869 935 2118 982 concinere,
2162 946 2235 974 uo·

380 1003 538 1042 vaeque
570 991 735 1031 haeresi
766 993 952 1032 favorem
983 993 1272 1044 praestitisse,
1319 1005 1369 1032 ac
1401 992 1560 1032 idcirco
1606 1005 1690 1032 una
1731 1005 1824 1033 cum
1863 994 1948 1033 illis
1979 993 2236 1035 damnandus

378 1051 493 1091 visus
521 1054 605 1091 est.
668 1052 762 1093 Hoc
794 1052 960 1103 quidem
992 1065 1117 1092 sensu
1149 1052 1431 1092 tantummodo
1466 1053 1852 1093 condemnationem
1885 1054 1976 1104 ejus
2005 1053 2162 1094 factam
2192 1054 2236 1093 in

377 1114 499 1151 sexto
533 1112 713 1152 concilio
746 1113 997 1164 approbavit
1028 1114 1114 1152 Leo
1148 1113 1198 1151 ll.
1232 1113 1273 1151 in
1305 1113 1459 1152 litteris
1491 1113 1548 1153 ad
1578 1114 1878 1165 Imperatorem
1898 1114 2234 1162 Constantinum,

377 1183 484 1223 quae
528 1183 619 1212 cum
663 1173 845 1224 ejusdem
887 1173 1058 1213 concilii
1101 1171 1459 1213 confirmationem
1499 1174 1769 1222 contineant,
1811 1166 1923 1213 unde
1967 1170 2238 1214 conciliorum

377 1232 636 1283 generalium
678 1234 742 1271 vis
781 1233 966 1284 pendet;
1013 1244 1095 1272 nou
1143 1233 1247 1272 alio.
1274 1245 1399 1272 sensu
1449 1233 1740 1274 condemnatio
1791 1233 1960 1274 concilii
2007 1238 2101 1275 rata
2149 1233 2236 1276 dici

378 1294 536 1343 potest.
595 1288 843 1333 ‘Enimvero
886 1293 1030 1332 harum
1072 1293 1306 1333 litterarum
1335 1294 1495 1334 Leonis
1539 1294 1715 1334 latinum
1761 1293 1967 1346 originale
2008 1294 2238 1346 exemplum

380 1362 461 1390 nou
493 1352 701 1405 suppetit,
746 1352 819 1391 sed
852 1365 1009 1404 graeca
1041 1355 1203 1392 tantum
1243 1353 1541 1405 interpretatio
1581 1354 1691 1394 actis
1733 1354 1901 1394 concilii
1931 1353 2142 1406 subJecta,
2185 1366 2237 1394 ex

380 1423 461 1462 qua
492 1411 669 1451 subinde
704 1411 812 1467 duae
845 1413 1043 1464 antiquae
1073 1414 1291 1453 versiones
1322 1414 1479 1454 latinae
1525 1413 1664 1454 factae
1703 1414 1895 1454 fuerunt:
1935 1413 1998 1453 ita
2030 1417 2074 1453 ut
2105 1414 2238 1454 Grae-

380 1483 453 1510 cus
506 1473 595 1522 eJus
646 1472 852 1523 epistolae
903 1476 1044 1512 textus
1098 1485 1172 1526 pro
1227 1473 1451 1524 originali.
1477 1473 1691 1514 habendus
1746 1474 1826 1527 sit,
1885 1473 2012 1513 sicuti
2062 1477 2109 1523 et
2160 1485 2237 1526 pro

379 1531 577 1583 originali
626 1531 803 1572 habetur
853 1536 994 1573 textus
1036 1532 1225 1573 Graecus
1269 1534 1478 1584 epistolae
1520 1533 1751 1585 Agathonis
1801 1536 1845 1573 et
1886 1532 2112 1585 synodicae
2149 1534 2239 1574 Ro-

379 1592 491 1630 mani
533 1592 723 1640 concilii,
769 1604 875 1644 quae
920 1606 942 1632 e
984 1593 1114 1632 latino
1142 1593 1379 1643 *priginalh
1423 1593 1534 1645 quod
1580 1593 1867 1640 desideratur,
1909 1596 2098 1645 tempore
2140 1605 2238 1633 cou-

381 1647 467 1690 cilii
511 1652 552 1691 in
603 1652 809 1692 Graecam
855 1653 1038 1704 linguam
1082 1652 1303 1693 traductae
1349 1654 1542 1704 actisque
1588 1654 1777 1692 insertae
1817 1653 2028 1705 leguntur.
2105 1655 2238 1694 Porro

385 1711 558 1762 antiqua
610 1712 754 1758 versio
802 1713 932 1752 latina
979 1713 1185 1764 epistolae
1231 1713 1390 1753 Leonis
1432 1713 1488 1762 ad
1538 1714 1836 1765 Imperatorem
1876 1715 1919 1753 in
1974 1712 2098 1754 editis
2141 1725 2238 1754 con-

381 1772 571 1812 ciliorum
603 1775 801 1825 recepta,
845 1773 979 1814 minus
1011 1776 1212 1813 accurata
1255 1773 1489 1823 invenitur,
1535 1777 1580 1813 ut
1620 1776 1738 1825 patet
1783 1785 1836 1813 ex
1868 1773 2241 1824 emendationibus,

383 1844 487 1884 quas
529 1831 772 1876 Harduinus
829 1845 881 1874 ex
931 1834 1098 1874 Graeco
1144 1833 1198 1872 ad
1244 1845 1347 1873 suae
1397 1833 1598 1873 editionis
1647 1833 1877 1884 marginem
1917 1834 2095 1874 notavit.
2174 1833 2241 1874 Ex

381 1892 444 1931 his
477 1892 751 1944 corrigendus
791 1893 863 1933 ille
903 1897 1047 1934 textus
1088 1894 1247 1932 latinae
1278 1894 1477 1945 antiquae
1519 1893 1730 1933 versionis
1772 1893 1814 1932 in
1858 1894 2048 1934 conciliis
2090 1893 2239 1939 editus,

385 1965 464 2003 quo
497 1953 712 1993 Honorius
743 1953 1037 1993 Monothelitis
1068 1952 1228 1993 idcirco
1261 1957 1532 2001 accensetur,
1559 1953 1729 2005 'quippe
1763 1953 1839 2005 qui
1870 1953 1983 1994 barac
2016 1953 2239 2004 Apostoli—

385 2024 479 2053 cam
517 2012 752 2054 Ecclesiam
783 2025 872 2054 non
895 2014 1172 2064 Apostolicae
1203 2014 1455 2054 traditionis
1486 2013 1685 2055 doctrina
1709 2014 1924 2063 lustravit,
1954 2013 2029 2053 sed
2051 2013 2241 2064 profana

386 2072 621 2122 traditione
666 2074 990 2114 inmaculatam
1030 2077 1273 2124 pervertere
1319 2077 1501 2115 conatus
1545 2076 1638 2119 est„
1692 2074 1774 2122 Pro
1818 2073 1959 2112 verbis
1998 2076 2242 2125 pervertere

383 2135 568 2174 conatus
608 2137 694 2183 est,
735 2146 842 2185 quae
881 2134 1141 2174 haereticam
1179 2134 1430 2185 pravitatem
1470 2134 1666 2184 innuunt,
1703 2132 1947 2173 Harduinus
1989 2145 2041 2173 ex
2071 2134 2240 2174 Graeco

385 2194 606 2244 legendum
637 2193 824 2244 notavit,
869 2195 1191 2235 immaculatam
1222 2195 1439 2235 maculari
1469 2193 1682 2245 permisit.
1744 2193 1866 2233 Hauc
1898 2193 2063 2245 quidem
2094 2194 2241 2234 lectio-

383 2265 475 2293 nem
506 2251 665 2295 Leonis
695 2255 823 2294 menti
856 2257 1168 2306 congruentem,
1202 2258 1245 2294 et
1278 2256 1443 2294 omnino
1475 2253 1795 2305 praeferendam
1829 2252 2023 2304 vulgatae
2054 2254 2242 2293 versioni

384 2315 656 2365 comprobant
688 2315 799 2354 aliae
832 2314 940 2354 duae
973 2314 1156 2366 ejusdem
1180 2314 1400 2355 Pontificis
1422 2310 1652 2365 originales
1685 2314 1889 2365 epistolae
1920 2314 2075 2353 latinae
2095 2313 2243 2353 eodem

388 2378 600 2426 tempore,
643 2377 685 2415 et
717 2374 864 2415 eadem
896 2375 949 2414 de
981 2387 1107 2415 causa
1139 2376 1349 2427 scriptae,
1393 2387 1500 2426 quae
1534 2386 1588 2415 ex
1608 2374 1815 2425 ¹originali
1855 2373 1982 2414 latino
2015 2374 2056 2414 in
2090 2374 2242 2426 Hispa-

385 2434 496 2475 niam
525 2435 665 2482 misso
688 2439 963 2475 conservatae
993 2436 1161 2475 fuerunt
1191 2436 1231 2475 in
1267 2435 1483 2475 codicibus
1514 2434 1728 2486 amplioris
1758 2434 2015 2474 collectionis
2047 2434 2244 2486 Hispani-

383 2503 487 2543 cae,
531 2494 583 2534 de
627 2507 710 2547 qua
742 2496 842 2535 vide
883 2495 1136 2537 'l'ractatum
1174 2496 1226 2536 de
1268 2495 1462 2547 antiquis
1496 2494 1819 2535 collectionibus
1863 2496 1905 2534 et
1946 2494 2243 2535 collectoribus

385 2565 603 2595 canon-um
634 2557 904 2607 praemissum
936 2560 1048 2596 tomo
1080 2556 1150 2597 111.
1184 2558 1357 2594 nostrae
1380 2556 1563 2596 Venetae
1595 2553 1772 2597 editioni
1805 2555 1986 2604 Operum
2018 2556 2063 2597 S.
2085 2552 2244 2595 Leonis

383 2617 494 2666 part.
527 2615 571 2654 3.
605 2627 696 2666 cap.
731 2615 774 2654 4.
809 2612 846 2667 ἕ.
878 2615 922 2656 4.
956 2627 1065 2655 num.
1100 2614 1170 2655 12.
1214 2615 1283 2653 ubi
1318 2615 1441 2654 etiam
1475 2614 1700 2653 earundem
1732 2613 2002 2664 epistolarum
2033 2614 2241 2664 germani-

385 2668 514 2715 tatem
545 2674 863 2714 vindicavimus.
926 2675 1018 2714 Una
1051 2686 1103 2715 cx
1134 2673 1199 2712 his
1231 2675 1388 2715 Leonis
1421 2675 1470 2716 11.
1516 2673 1706 2726 epistolis
1735 2672 1791 2711 ad
1822 2672 2059 2724 Episcopos
2090 2673 2243 2724 Hispa-

382 2747 458 2775 nos
490 2735 616 2774 missa
647 2738 739 2774 est:
773 2736 908 2774 altera
939 2734 995 2774 ad
1024 2734 1184 2785 Regem
1215 2735 1449 2785 Erviginm.
1499 2734 1664 2784 Lectio,
1699 2745 1806 2784 quae
1838 2733 1882 2772 in
1913 2733 2156 2773 memoratis
2187 2732 2242 2773 ad

383 2797 682 2846 Imperatorem
713 2795 870 2835 litteris
901 2807 953 2834 ex
985 2807 1141 2846 graeco
1174 2795 1383 2845 praefert,
1426 2794 2000 2845 Immaculatamrmaculari
2030 2793 2242 2844 permisit,

387 2856 573 2895 concinit
606 2867 696 2895 cum
741 2856 935 2906 originali
966 2854 1097 2894 latino
1142 2855 1346 2905 epistolae
1388 2855 1441 2894 ad
1473 2854 1722 2907 HispaniaS‚
1766 2851 2006 2894 Flammam
2038 2853 2243 2894 haeretici

386 2916 616 2965 dogmatis,
649 2927 752 2963 non,
783 2919 836 2955 ut
867 2916 1010 2956 decuit
1043 2915 1339 2965 Apostolicam
1373 2916 1699 2963 auctoritatem,
1728 2913 2010 2964 incipientem
2041 2913 2243 2962 extinxit,

388 2978 464 3016 secl
495 2976 755 3028 negligendo
799 2976 1010 3027 confovit:
1061 2979 1104 3015 et
1150 2987 1233 3016 non
1280 2976 1528 3016 absimiliter
1570 2987 1661 3015 cum
1705 2974 1912 3026 originali
1943 2973 2149 3025 epistolae
2191 2974 2245 3013 ad

391 3037 573 3088 Regem:
639 3035 967 3076 Immaculatam
1010 3037 1285 3086 Apostolicae
1324 3035 1579 3077 traditionis
1617 3035 1814 3086 regulam
1846 3062 1857 3072 .
1882 3061 1922 3076 ..
1946 3066 1955 3074 .
1981 3066 1990 3075 .
2031 3033 2244 3073 maculari

394 3096 622 3139 consensit.
684 3097 821 3138 Verba
848 3097 1062 3137 maculari
1094 3096 1305 3146 permisit,
1338 3100 1380 3137 et
1409 3096 1667 3147 negligendo
1698 3093 1902 3143 confovit,
1936 3105 2010 3132 seu
2031 3093 2120 3145 ,hac
2151 3105 2244 3144 per-

393 3157 592 3198 missione
623 3169 675 3198 ac
708 3157 966 3208 negligentia
997 3158 1212 3197 maculari
1245 3159 1476 3207 consensit,
1506 3167 1590 3196 non
1621 3165 1862 3206 expressam
1894 3159 2110 3205 erroneam
2143 3152 2243 3194 deti-

394 3218 596 3257 nitionem
628 3217 884 3269 significant,
925 3216 1002 3256 sed
1041 3217 1307 3257 omissionem
1348 3215 1624 3262 definitionis,
1672 3213 1985 3265 respiciuntque
2031 3226 2082 3254 ea
2111 3213 2246 3253 minus

392 3281 514 3317 cauta
554 3279 735 3329 ipsarum
775 3277 1009 3317 litterarum
1039 3277 1193 3323 verba,
1235 3278 1384 3328 quibus
1425 3275 1571 3315 fraude
1601 3273 1970 3314 Monothelitarum
2012 3273 2054 3312 in
2087 3273 2245 3313 erroris

392 3337 578 3377 savorem
609 3337 840 3385 traductis,
889 3337 1104 3377 Honorius
1137 3337 1261 3377 fidem
1294 3336 1598 3376 immaculatam
1628 3333 1828 3374 maculari
1862 3334 2079 3386 permisit,
2117 3336 2245 3384 atque

388 3396 595 3442 confovit,
637 3410 711 3437 seu
742 3399 815 3450 (ut
843 3397 1000 3448 legitur
1032 3398 1075 3438 in
1108 3397 1369 3448 professione
1400 3394 1646 3451 Pontificum
1679 3392 1848 3433 Diurno
1882 3393 2062 3445 inserta)
2093 3393 2244 3444 pravis

389 3468 537 3498 eorum
568 3457 934 3498 Monothelitarum
966 3458 1184 3498 erroribus
1209 3457 1404 3507 savorem
1438 3454 1665 3506 impendit.
1730 3453 1892 3497 Quodsi
1933 3466 1984 3494 ex
2025 3454 2115 3504 eJus
2147 3463 2244 3493 con-
