2326 3854
738 220 1338 279 μω,-

136 393 190 447 S.
220 392 378 457 Petri,
417 411 538 462 quos
575 391 759 462 pariter
796 388 1112 460 pronuntiant
1149 385 1337 439 cunctis
1371 401 1471 435 non
1509 383 1665 435 solum
1701 385 1938 444 fidelihus,

136 480 223 531 sed
259 478 406 531 etiam
443 475 720 548 Episcopis,
756 473 1110 544 Apostolorum
1148 468 1532 536 successoribuS,
1569 468 1759 538 totique
1795 488 1938 538 prae-

138 566 292 616 fectos
336 554 609 616 Ecclesiae.
701 558 983 611 Audiantur
1038 575 1107 610 ex
1156 554 1387 625 antiquis-
1415 552 1659 607 Gallicani
1705 552 1939 625 Episcopi

139 648 446 719 Metropolis>
466 644 807 706 ArelatensiS,
859 642 940 711 qui
978 642 1030 694 in
1067 640 1294 712 Epistola
1343 641 1404 692 ad
1439 637 1661 693 Leonem
1699 638 1940 709 Magnum

137 750 238 784 non
275 732 554 794 dubitarunt
590 727 808 781 scribere
845 725 969 796 (Ep.
997 726 1090 778 65.
1125 725 1188 777 al.
1226 725 1311 778 29.
1353 743 1395 777 c.
1425 723 1533 796 2.)·
1574 726 1684 777 Per
1710 724 1942 778 Beatum

142 817 357 869 Petrum
403 814 780 884 Apostolorum
820 814 1122 880 principem
1170 818 1514 863 sacrosancta
1551 812 1795 863 Ecclesia
1831 812 1941 862 Ro-

139 919 293 953 mana
357 899 448 970 (in
515 897 884 953 successoribus
940 896 1156 966 ejusdem
1220 893 1404 964 Petri)
1477 902 1620 947 tenet
1682 894 1942 948 SUPRA

145 986 407 1036 OMNES
464 984 746 1035 TOTIUS
783 984 851 1034 M
857 982 1050 1034 UNDJ
1094 979 1520 1034 ECCLESIAS
1558 985 1939 1050 principatum.

139 1069 382 1121 Audiatur
420 1087 610 1138 quoque
659 1087 748 1138 pro
801 1066 980 1120 ceteris
1017 1066 1142 1119 alius
1166 1057 1494 1128 'Gallicanum
1540 1063 1598 1117 S.
1635 1066 1940 1130 BernarduS,

98 1205 100 1207 ,
137 1153 221 1222 qui
279 1154 579 1206 anteriorum
627 1151 858 1205 Ρῑιῐιᾞιιις
895 1169 954 1204 ac
1001 1148 1318 1213 Gallicanae,
1377 1149 1524 1200 immo
1569 1159 1620 1202 et
1674 1150 1942 1217 catholicae

137 1236 390 1306 Ecclesiae
425 1237 694 1291 doctrinam
731 1235 1011 1306 expressit:
1054 1236 1341 1289 Plenitudo
1375 1237 1633 1304 siquidem
1662 1240 1942 1304 potestatis

144 1324 426 1375 SUPER
458 1318 896 1375 UNIVERSAS
938 1321 1177 1373 ORBIS
1213 1319 1639 1375 ECCLESIAS
1684 1323 1946 1390 singulari

131 1410 513 1477 praerogativa
549 1407 891 1477 Apostolicae
937 1409 1053 1460 sedi
1088 1409 1289 1459 donata
1327 1414 1416 1458 est.
1490 1404 1610 1457 Non
1647 1425 1807 1473 super
1843 1410 1942 1458 sin—

134 1495 306 1562 yulas,
343 1480 517 1562 inquit,
556 1493 641 1545 sed
678 1512 838 1562 super
862 1496 1152 1553 universas,¹
1187 1492 1315 1561 quod
1350 1501 1646 1562 potestatem
1681 1489 1734 1541 in
1771 1508 1942 1542 omnes

139 1577 388 1630 collective
437 1586 686 1648 acceptas
721 1577 962 1648 designat.
1057 1578 1115 1628 In
1173 1576 1246 1629 his
1287 1574 1566 1647 Episcopos
1623 1575 1942 1628 ecclesiarum

139 1661 299 1732 capita
336 1661 693 1732 comprehendi,
730 1671 782 1714 et
818 1678 989 1715 omnes
1026 1662 1218 1730 quidem
1254 1662 1534 1730 collective,
1572 1661 1824 1714 declarant
1858 1660 1942 1713 illa

140 1748 351 1816 ejusdem
389 1746 570 1800 Sanctiv
599 1764 668 1800 ex
703 1746 827 1799 libro
865 1747 1078 1808 secundo
1117 1749 1182 1799 de
1214 1747 1654 1800 Consideratione
1692 1746 1752 1798 ad
1775 1743 1944 1815 Euge-

139 1832 269 1884 nium
308 1831 498 1904 Papam
536 1849 575 1885 c.
613 1832 665 1884 8.
716 1849 767 1882 n.
810 1828 893 1883 15.
979 1831 1057 1884 Tu
1095 1845 1174 1892 es,
1220 1836 1308 1885 cui
1341 1835 1514 1885 claves
1550 1835 1813 1892 traditae,
1860 1835 1946 1883 cui

139 1937 259 1969 oves
293 1920 527 1970 creditae
564 1908 713 1968 sumt}
774 1918 913 1969 Sunt
948 1916 1156 1985 Quidem
1194 1925 1248 1969 et
1281 1920 1379 1970 alii
1412 1921 1551 1971 coeli
1568 1921 1859 1990 janitores,
1897 1924 1948 1968 et

136 2022 354 2070 qreyum
381 2009 630 2070 pastores
643 2021 660 2063 ,·
706 2004 802 2053 sed
835 2008 892 2053 tu
936 2008 1081 2053 tanto
1115 2005 1421 2070 9loriosius,
1470 2011 1664 2072 quanto
1714 2011 1765 2054 et
1801 1999 1944 2071 diffe-

138 2090 336 2145 rentius
373 2078 648 2157 utrumque
690 2106 828 2156 prae
875 2089 1063 2138 ceteris
1107 2093 1294 2140 nomen
1332 2090 1655 2141 hereditasti.
1733 2089 1947 2139 Habent

141 2172 224 2222 illi
259 2175 455 2240 sinyuli
501 2174 602 2224 sibi
646 2160 942 2241 assi-qnato's
976 2190 1194 2240 yreyes,
1243 2174 1441 2242 sinyuli
1475 2175 1712 2243 singulos
1734 2171 1806 2240 1).·
1852 2174 1947 2223 tibi

140 2259 377 2325 universi·
405 2254 613 2318 crediti,
647 2258 741 2309 uni
775 2276 926 2308 unus.
988 2257 1112 2308 Non
1137 2254 1293 2309 modo
1332 2262 1517 2319 ovium,
1555 2262 1652 2311 sed
1686 2258 1794 2309 ET
1828 2256 1945 2308 PA-

147 2339 479 2391 STORUM
515 2350 573 2393 tu
618 2362 752 2395 unus
802 2342 1126 2396 OMNIUM
1154 2350 1363 2410 pastor.
1451 2343 1600 2396 Unde
1637 2347 1697 2395 id
1723 2345 1946 2412 probem

142 2428 403 2493 quaeris?
455 2427 546 2478 Ex
581 2429 737 2478 verbo
775 2428 1007 2478 Domini.
1089 2428 1187 2480 Cui
1233 2431 1369 2478 enim
1413 2446 1519 2479 non
1569 2430 1689 2480 dico
1729 2430 1946 2497 Episco-

135 2528 356 2576 porum,
402 2513 499 2564 sed
540 2515 693 2563 etiam
731 2510 1108 2580 Apostolorum
1157 2514 1518 2566 sic'absolute
1568 2521 1617 2565 et
1663 2516 1946 2565 indiscrete

141 2602 280 2646 totae
317 2599 619 2648 commissae
654 2604 777 2649 sunt
810 2600 966 2649 oves?
1011 2598 1074 2648 Si
1096 2615 1186 2672 me*
1214 2617 1376 2658 amas,
1415 2600 1609 2659 Petre3‘
1623 2617 1790 2667 pasce
1827 2618 1945 2652 oves

125 2670 296 2734 ssmeas.
362 2682 538 2740 Quas?
571 2684 721 2736 Illius
746 2683 997 2735 vel'illius
1025 2685 1262 2751 populos
1297 2686 1540 2748 civitatis,
1580 2691 1674 2735 aut
1695 2687 1944 2752 reyionisa

142 2771 237 2817 aut
270 2768 402 2815 certi
435 2770 619 2834 reyni?
675 2768 807 2819 Oves
845 2786 1004 2827 meas,
1039 2771 1225 2837 inquit.
1310 2769 1410 2820 Cui
1442 2788 1549 2820 non
1578 2771 1803 2837 planum
1840 2780 1945 2820 non

145 2849 448 2916 designasse
486 2840 710 2918 aliquas,
746 2853 840 2903 sed
863 2850 1159 2921 as'siynasse
1197 2854 1476 2905 OMNES.
1550 2851 1619 2905 Et
1655 2864 1767 2924 post
1791 2871 1947 2925 pauca

266 3045 301 3098 ¹)
335 3050 379 3087 In
410 3050 516 3090 hanc
545 3052 791 3091 sententiam
821 3054 868 3094 S.
898 3038 1127 3104 Gregorius
1156 3054 1226 3093 lib.
1249 3055 1292 3095 5.
1325 3045 1445 3105 epist.
1466 3056 1540 3094 20.
1573 3057 1628 3095 ad
1656 3057 1946 3106 Imperatorem

142 3107 386 3158 Mam-itiam,
430 3108 526 3148 Voce
556 3109 804 3156 Dominum,
833 3111 993 3165 inquit,
1021 3115 1169 3152 sancto
1200 3116 1241 3152 et
1269 3114 1458 3153 omnium
1490 3116 1790 3163 Apostolorum
1820 3114 1945 3153 Petro

146 3164 339 3216 Principa
377 3165 603 3206 TOTIUS
631 3167 744 3208 ECC
750 3168 965 3209 LESIAE
1001 3182 1104 3210 cura
1146 3172 1367 3211 commissa
1396 3174 1476 3212 est.
1535 3172 1591 3211 Et
1622 3172 1816 3221 antiquus
1848 3173 1946 3210 Gal—

147 3223 300 3263 licanus
334 3224 564 3276 Episcopus
603 3227 678 3265 sub
717 3227 888 3266 Eusebii
929 3228 1110 3267 Emiseni
1149 3229 1324 3268 nomine
1355 3229 1569 3282 vulgatus,
1612 3230 1654 3268 in
1694 3230 1835 3269 Natali
1867 3232 1943 3270 SS.

147 3282 259 3320 Petri
277 3283 445 3322 etPauli
465 3286 660 3324 Sanctum
670 3286 836 3326 Petrum
860 3299 942 3325 non
959 3288 1091 3326 solum
1108 3286 1334 3333 Pastorem,
1349 3288 1473 3327 sedet
1493 3291 1713 3337 pastorum
1728 3292 1942 3339 pastorem

145 3340 425 3380 constitutum
446 3343 663 3391 affirmans,
695 3342 835 3384 addit:
876 3345 1013 3385 Pascit
1042 3346 1180 3395 igitur
1212 3346 1362 3386 Petrus
1393 3357 1551 3396 agam,
1584 3348 1724 3397 pascit
1755 3351 1795 3387 et
1824 3360 1942 3393 oves-3

147 3398 284 3447 pascit
305 3386 438 3447 filios,
467 3398 608 3451 pascit
639 3405 678 3442 et
707 3406 887 3451 matres3
918 3404 1029 3453 regit
1059 3407 1099 3444 et
1126 3403 1320 3444 subditos
1349 3408 1390 3445 et
1411 3405 1640 3446 Prae-latos.
1693 3405 1946 3446 OMNIUM

146 3455 280 3504 igitur
309 3459 455 3507 pastor
485 3462 566 3509 est,
598 3461 700 3512 quia
730 3465 902 3513 praeter
932 3473 1065 3514 cynos
1096 3466 1135 3503 et
1164 3475 1259 3503 oves
1291 3463 1336 3503 in
1369 3463 1563 3505 Ecclesia
1592 3464 1701 3504 nihil
1734 3467 1806 3504 est.
