2326 3854
998 265 1122 300 xvu
1208 273 1380 285 --·-·“

158 426 250 482 vel
308 424 563 479 suasione
624 438 685 476 se
745 420 985 475 libellum
1047 419 1145 473 De
1216 414 1380 471 Eccl.
1439 418 1498 468 ct
1559 411 1682 487 pol.
1739 412 1962 469 Potest,

160 531 210 567 a.
241 512 424 569 1611.
458 509 764 582 scripsisse,
797 523 956 579 quam
985 509 1045 559 ut
1072 505 1312 559 breviter
1341 502 1756 575 demonstraret,
1784 517 1961 572 quae-³

158 616 282 653 nam
328 597 512 651 essent
554 592 816 666 principia
861 591 1138 646 doctrinae
1192 592 1458 658 majorum
1513 586 1736 641 scholae
1791 584 1962 640 Pari—

159 676 446 751 siensis344
506 681 562 732 et
603 693 804 732 revera
859 692 893 729 a
941 673 1208 730 Richerio
1265 676 1362 729 vix
1419 674 1610 729 absunt
1651 669 1962 747 Almainus,

158 768 401 823 Joannes
445 762 663 837 Major,
724 759 1061 829 GersoniuS,
1120 761 1318 833 aliique
1365 758 1587 814 scholae
1630 757 1964 814 Parisiensis

157 857 393 923 majores
441 854 601 922 atque
644 851 804 902 notus
849 846 943 901 ille
974 844 1283 920 HispanuS,
1329 844 1645 918 Alphonsus
1676 845 1962 919 Tostatus,

160 940 445 1012 episcopus
490 933 819 1007 AbulensiS,
889 936 1043 1002 cujus
1093 929 1527 1003 Defensorium
1581 931 1648 985 iis
1706 932 1760 986 in
1804 930 1964 1007 lociS,

156 1026 245 1079 ubi
277 1023 343 1077 de
370 1019 596 1079 Summo
626 1017 889 1076 Pontifice
921 1018 1245 1091 disputatur,
1292 1020 1451 1071 caute
1498 1032 1623 1071 esse
1666 1016 1966 1093 legendum

156 1109 521 1166 Bellarminus
567 1108 822 1162 observat
863 1105 918 1159 in
961 1105 1096 1160 libro
1154 1103 1253 1158 De
1303 1099 1722 1176 Scriptoribus
1771 1102 1964 1157 eccle-

156 1193 458 1266 siasticis,-
503 1209 658 1266 quem
687 1191 976 1246 Tostatum
1022 1193 1205 1245 autem
1234 1193 1347 1244 tum
1369 1185 1667 1243 Richerius
1698 1192 1811 1243 tum
1841 1187 1964 1243 Fe·-

155 1282 375 1338 bronius
421 1280 639 1353 saepius
686 1279 869 1332 citant.
943 1274 1100 1347 Quae
1146 1293 1269 1330 cum
1312 1277 1388 1330 ita
1423 1276 1549 1349 sint,
1596 1276 1729 1329 satis
1761 1288 1965 1348 super-¹

160 1384 263 1441 que
307 1369 487 1441 patet,
545 1367 741 1438 quanta
783 1362 1020 1419 infausto
1066 1362 1162 1417 illo
1207 1363 1396 1436 magni
1451 1361 1760 1416 schismatis
1815 1365 1965 1416 tem-⁵

158 1469 292 1527 pore
336 1451 670 1526 praejudicia
715 1452 769 1504 et
797 1452 1156 1524 praepostera
1198 1449 1462 1522 principia
1505 1449 1559 1502 in
1589 1441 1966 1503 Romanorum

158 1537 477 1595 Pontificum
514 1539 799 1611 primatum
829 1537 1093 1592 suscitata
1139 1534 1372 1610 fuerint,
1420 1534 1708 1607 clarosque
1741 1539 1964 1589 cetero-

162 1627 286 1698 quin
330 1624 518 1679 oculos
564 1622 1012 1678 obnubilaverint.

291 1706 674 1765 consideranti
717 1725 930 1762 mecum
966 1709 1022 1762 in
1065 1708 1240 1762 animo
1278 1725 1343 1762 ac
1384 1707 1628 1762 volventi
1672 1705 1967 1762 infaustum

161 1795 295 1851 illud
338 1796 525 1869 magni
571 1793 876 1852 schismatis
922 1809 1139 1868 aevum,
1188 1810 1326 1866 quae
1372 1794 1427 1847 in
1471 1791 1780 1847 Romanam
1813 1791 1969 1848 Petri

163 1879 367 1938 Sedem
395 1881 689 1954 molimina,
734 1881 894 1951 quive
925 1880 1167 1935 assultus
1178 1918 1199 1950 ,
1253 1882 1313 1933 ut
1342 1880 1721 1934 inconcussum
1744 1883 1967 1934 sanctae

162 1963 414 2022 Civitatis
461 1963 763 2021 aedificium
809 1981 881 2019 ex
924 1966 1066 2040 imiS,
1114 1966 1158 2019 si
1189 1963 1306 2019 fieri
1341 1968 1553 2039 posset,
1602 1965 1967 2038 evelleretur-3

161 2053 282 2108 dein
327 2068 466 2126 quae
510 2067 651 2106 aevo
682 2052 928 2124 proxime
973 2053 1277 2124 insequenti
1323 2068 1395 2106 ex
1423 2051 1717 2106 haereticis
1750 2050 1967 2107 furien-

159 2140 298 2194 tibus
330 2138 398 2194 ad
427 2138 851 2193 internecionem
879 2154 1073 2213 usque,
1119 2139 1166 2192 si
1195 2154 1302 2192 non
1336 2138 1611 2193 obstarent
1654 2135 1762 2195 Dei
1791 2155 1967 2193 vera-

161 2225 358 2280 cissimi
381 2225 803 2299 promissioneS,
843 2228 1031 2279 contra
1058 2221 1210 2278 Petri
1243 2219 1577 2280 Cathedram
1603 2225 1794 2280 oborta
1822 2223 1969 2280 bella

162 2309 383 2383 diraque
429 2311 755 2365 certamina:
804 2311 1065 2384 cogitanti
1109 2310 1239 2364 mihi
1285 2314 1479 2364 cuncta
1533 2312 1672 2386 ista,
1730 2313 1968 2365 maxime

161 2395 448 2450 manifesta
493 2398 719 2468 apparet
745 2393 998 2449 Numinis
1026 2394 1243 2450 Dextra
1285 2397 1340 2450 in
1379 2395 1582 2450 tuenda
1612 2394 1833 2469 Sponsa
1873 2399 1966 2452 in-a

160 2484 448 2556 temerata,
496 2498 656 2553 quam
686 2481 970 2553 acquisivit
1013 2483 1284 2555 sanguine
1316 2497 1435 2536 suo.
1509 2479 1673 2536 Enim
1709 2499 1841 2538 vero
1873 2485 1966 2539 in·-

161 2572 244 2622 ter
287 2567 522 2622 maxime
566 2565 878 2639 periculosa
921 2565 1019 2622 illa
1048 2571 1326 2641 tempora,
1366 2571 1427 2622 ut
1469 2567 1727 2625 videlicet
1771 2568 1968 2624 damna

160 2671 331 2727 nuper
376 2651 575 2707 inflicta
617 2651 1044 2728 resarcirentur,
1090 2657 1147 2708 et
1191 2652 1385 2708 dehinc
1428 2654 1755 2710 irruentibus
1804 2672 1967 2711 erro-

160 2757 278 2794 rum
320 2738 574 2813 procellis
611 2755 796 2813 agger
841 2738 1055 2813 quidam
1089 2742 1475 2816 opponeretur,
1523 2739 1621 2796 en!
1668 2759 1779 2815 pax
1810 2741 1969 2797 datur

160 2822 486 2894 Ecclesiae,
556 2822 760 2880 Graeci
814 2842 1025 2899 quoque
1070 2825 1399 2881 schismatici
1454 2828 1841 2901 resipiscentes
1899 2827 1969 2883 ad

163 2910 523 2964 obedIentiam
565 2909 828 2980 redeunt,
890 2916 946 2967 et
987 2909 1279 2967 Ecclesiae
1325 2913 1613 2989 uniuntur,
1674 2917 1734 2969 ut
1778 2915 1858 2969 sic
1913 2916 1968 2968 in

159 2994 477 3051 Florentina
501 2992 734 3065 Synodo
759 2999 1108 3053 oecumenica
1137 3015 1244 3052 una
1274 3015 1434 3068 voce,
1463 3015 1649 3055 omnes
1681 2999 1749 3054 ad
1779 3018 1966 3074 unum,

160 3079 312 3136 Petri
357 3077 670 3136 Gathedrae
730 3080 912 3136 divina
946 3085 1078 3151 jura
1122 3086 1422 3160 testentur,
1481 3085 1755 3140 vindicent
1806 3090 1968 3157 atque

162 3169 412 3221 tueantur
457 3167 597 3222 edito
657 3167 957 3222 clarissimo
1002 3168 1097 3223 illo
1142 3167 1414 3244 Decreto,
1475 3186 1580 3241 quo
1626 3175 1775 3225 sarta
1819 3174 1969 3226 tecta

164 3254 342 3308 omnia
383 3253 666 3307 habentur.
740 3249 863 3323 Quo
903 3252 1107 3308 factum
1155 3258 1260 3329 est,
1304 3257 1384 3329 ut,
1432 3253 1688 3328 dispulsis
1722 3272 1969 3312 errorum

162 3338 394 3408 nebuliS,
421 3337 749 3411 jampridem
779 3339 940 3393 etiam
983 3339 1183 3394 fuisset
1212 3342 1586 3413 praecautum,
1618 3358 1687 3396 ne
1718 3339 1967 3397 Richerii

165 3423 495 3496 aliorumque
527 3425 743 3478 novitiis
777 3425 991 3498 placitis
1021 3427 1328 3501 respublica
1352 3421 1665 3483 Christiana
1696 3428 1821 3501 quid
1856 3427 1965 3484 de·-

163 3509 395 3562 trimenti
438 3513 737 3581 pateretur.

224 3609 269 3642 P.
301 3608 450 3644 Bauer.
481 3608 528 3642 do
560 3610 762 3644 Potestate
834 3611 906 3648 etc.
1591 3598 1622 3652 b
