2326 3854
1116 176 1221 212 XVI

237 328 505 403 principio
538 329 789 406 collegIt,
835 327 1162 385 Pontificem
1184 326 1524 400 Romanum,
1560 327 1874 406 Episcopos
1906 335 2085 392 alios-

238 434 343 490 que
390 419 648 492 pastores
696 435 826 473 esse
873 419 1042 473 totius
1090 416 1338 491 corporis
1370 414 1612 472 fidelium
1649 419 1955 497 ministros5
1999 424 2089 495 qui

237 504 307 560 de
353 503 613 561 mandato
662 508 719 560 et
761 506 981 560 nomine
1027 505 1408 560 universitatis
1463 503 1706 561 fidelium
1750 508 2091 581 pastoralem

238 593 595 649 autoritatem
628 595 980 648 exercerent.
1037 590 1231 667 Itaque
1265 596 1382 648 tota
1403 589 1687 670 Ecclesia,
1714 611 1815 650 seu
1847 593 2090 651 fidelium

237 680 573 735 universitas
635 697 704 735 ea
764 683 883 758 est,
947 697 1089 754 quae
1134 681 1190 736 in
1261 680 1368 737 hoc
1425 685 1738 753 systemate
1797 685 2087 759 principa-

235 768 364 824 liter
424 786 490 823 ac
535 766 855 823 radicaliter
903 769 1096 825 claves
1153 769 1383 825 obtinuit
1443 768 1771 827 Pastoribus
1833 788 2089 827 commu-

235 855 522 932 nicandas7
571 855 715 930 quod
746 853 1013 913 Ecclesia
1058 874 1160 914 seu
1201 855 1445 913 fidelium
1475 859 1815 914 universitas
1860 860 1968 916 illis
2009 861 2089 915 uti

234 961 342 999 non
387 947 611 1018 posset:
658 945 822 1001 immo
868 946 1050 1019 ipsum
1094 947 1387 1020 primatum
1444 947 1746 1002 universae
1790 944 2090 1004 Ecclesiae

235 1036 495 1106 tanquam
541 1033 789 1104 subjecto
822 1033 1142 1111 inhaerere,
1191 1051 1334 1108 quae
1379 1033 1608 1109 proinde
1648 1052 1751 1110 per
1796 1037 2093 1109 quemlibet

231 1120 389 1176 illum
419 1124 612 1195 posset
643 1138 937 1200 exercere,
973 1139 1098 1178 eum
1134 1139 1207 1178 ex
1239 1141 1349 1180 uno
1391 1121 1780 1179 transferendo
1812 1125 1868 1178 in
1899 1124 2088 1180 alium.

231 1207 296 1264 In
352 1208 459 1265 hoc
517 1206 864 1289 systemate,
920 1211 1064 1285 quod
1109 1214 1307 1286 postea
1351 1210 1713 1268 Jansenistae
1762 1214 1817 1267 et
1863 1211 2089 1269 Febro-

232 1298 355 1353 nius
386 1314 662 1354 recoxere
697 1302 753 1355 et
783 1299 1029 1375 amplexi
1060 1303 1207 1373 sunt,
1255 1301 1573 1376 potestatis,
1622 1317 1765 1375 quae
1797 1318 1832 1355 a
1859 1298 2087 1356 Christo

231 1387 487 1461 proxime
533 1385 832 1443 Ecclesiae
892 1405 996 1444 seu
1041 1385 1285 1443 fidelium
1332 1389 1552 1462 corpori
1597 1388 1730 1445 data
1787 1390 1893 1466 sit⁷
1951 1406 2088 1444 usus

233 1477 396 1548 atque
446 1475 774 1531 exercitium
805 1477 872 1532 ab
904 1477 1026 1552 ipso
1053 1472 1282 1532 Christo
1305 1474 1593 1551 Apostolis
1625 1481 1753 1533 sunt
1784 1493 2086 1550 concessa3

230 1579 428 1618 verum
471 1566 599 1637 post
623 1562 1024 1639 Apostolorum
1070 1567 1326 1639 tempora
1354 1559 1503 1620 hunc
1533 1581 1717 1638 usum,
1764 1565 1939 1621 hocce
1973 1581 2086 1620 ex-

231 1651 483 1707 ercitium
529 1652 597 1707 ab
629 1649 894 1708 Ecclesia
939 1653 1054 1708 suis
1084 1653 1348 1709 ministris
1395 1652 1669 1708 electione
1715 1653 1952 1710 autalio
1979 1651 2086 1709 ca-

230 1741 428 1795 nonico
456 1738 637 1795 *modo
683 1738 893 1796 deferri
940 1740 1298 1797 contendunt.

361 1826 617 1883 Richerii
646 1829 787 1884 liber
832 1830 1018 1885 statim
1063 1846 1206 1885 anno
1230 1830 1492 1903 'proxime
1528 1829 1782 1903 sequenti
1815 1822 2085 1904 (1612.)

231 1933 266 1971 a
311 1911 551 1988 Synodo
599 1913 939 1994 senonensi,
986 1915 1248 1992 praeside
1297 1913 1470 1972 Card.
1515 1915 1611 1972 Du
1654 1915 1894 1987 Perron,
1939 1933 2082 1991 pro-

231 2005 468 2078 scriptus
529 2006 617 2059 est
671 2008 933 2079 tanquam
990 2006 1276 2062 continens
1335 2006 1744 2080 propositiones
1794 2019 2082 2082 erroneas,

231 2092 592 2148 scandalosas
640 2096 729 2170 ει,
787 2097 850 2149 ut
895 2097 1129 2171 sonant,
1189 2093 1507 2150 haereticas
1567 2097 1624 2149 et
1679 2093 2083 2149 schismaticas.

228 2178 411 2236 Autor
467 2181 550 2236 bis
595 2181 930 2255 palinodiam
977 2182 1203 2252 cecinit,
1272 2181 1507 2238 alteram
1565 2198 1674 2238 non
1734 2182 1904 2238 multo
1957 2185 2086 2257 post

229 2269 352 2324 libri
399 2267 828 2346 damnationem,
881 2273 1040 2341 cujus
1087 2268 1401 2345 palinodiae
1450 2271 1726 2326 sententia
1771 2269 1916 2325 haec
1963 2272 2082 2325 est:

231 2354 571 2432 „Protestor
619 2362 675 2414 et
721 2357 947 2415 declaro
995 2375 1084 2414 me
1117 2375 1339 2433 semper
1369 2359 1618 2415 voluisse
1665 2361 1830 2433 atque
1878 2358 2083 2412 etiam-

228 2463 358 2500 num
402 2445 576 2516 velle,
627 2450 683 2501 et
729 2448 1002 2521 meipsum
1048 2451 1105 2503 et
1147 2446 1397 2502 libellum
1439 2445 1757 2521 praefatum
1803 2448 1861 2500 et
1906 2462 2083 2518 quas-

230 2550 446 2606 cunque
525 2537 648 2605 ejus
715 2534 1124 2609 propositiones
1202 2550 1503 2607 earumque
1570 2534 2083 2607 interpretationem

231 2637 557 2694 omnemque
612 2624 795 2677 meam
851 2621 1158 2678 doctrinam
1215 2618 1516 2677 Ecclesiae
1563 2616 1894 2676 Catholicae
1948 2618 2083 2676 Ro-

228 2726 429 2765 manae
491 2713 548 2764 et
609 2714 836 2766 sanctae
883 2707 1052 2767 Sedis
1098 2708 1463 2785 Apostolicae
1512 2708 1725 2781 judicio
1784 2709 2082 2785 subjicere,

231 2815 394 2871 quam
423 2795 684 2854 'Matrem
731 2802 788 2853 et
831 2796 1171 2874 Magistram
1216 2796 1604 2853 Ecclesiarum
1651 2802 1708 2853 et
1760 2794 2082 2869 infallibi-

231 2885 348 2940 lem
399 2884 699 2942 Veritatis
726 2885 1010 2958 judicem
1055 2881 1398 2962 agnosco;“
1445 2886 1693 2941 alteram·
1723 2902 1861 2940 vero
1908 2885 2083 2960 longe

230 2974 539 3049 pleniorem
582 2993 694 3030 una
739 2986 864 3030 cum
893 2973 1232 3030 refutatione
1279 2991 1506 3030 suorum
1539 2991 1810 3049 errorum,
1849 2988 1995 3046 *quos
2025 2973 2080 3027 in

231 3066 447 3137 septem
492 3064 958 3138 propositionibus
1007 3063 1331 3138 complexus
1379 3066 1531 3139 erat,
1587 3063 1831 3118 moriens
1876 3062 1932 3115 in
1979 3075 2080 3115 suo

228 3149 469 3207 Musaeo
516 3150 739 3225 reliquit
776 3151 1039 3208 futurum
1084 3153 1251 3207 etiam
1295 3151 1557 3227 posteris*
1582 3151 1858 3204 sincerae·
1881 3146 2080 3203 mentis

232 3256 369 3293 suae
414 3242 750 3314 perpetuum.
782 3244 858 3311 ‘et
910 3239 1271 3296 indubitatum
1326 3237 1718 3295 testimonium.
1811 3230 2080 3291 Ceterum

232 3327 523 3400 spopondit
558 3329 807 3398 autortin
833 3330 1012 3403 prima
1034 3345 1139 3384 sua
1161 3326 1539 3383 declaratione
1565 3343 1617 3380 a.
1647 3323 1859 3400 1612„
1889 3324 2077 3381 1622.

233 3417 288 3468 et
336 3414 522 3470 1629.
571 3406 1067 3492 edita‚'‘„'semper
1113 3432 1176 3471 se
1221 3431 1360 3490 prae
1408 3431 1471 3469 se
1501 3413 1721 3490 tulisse,
1767 3412 1919 3468 nullo
1967 3412 2078 3468 alio

234 3520 468 3576 unquam
501 3504 716 3582 animo.7
745 3505 1069 3581 proposito7
1103 3503 1334 3560 consilio
1367 3507 1462 3559 aut
1502 3506 1825 3575 cujusquam
1855 3500 2079 3556 hortatu
