2326 3854
688 187 1283 244 -.-45.,-..

105 362 274 414 Const-
332 359 513 424 Diqua
550 373 655 406 vox
694 361 771 406 est
805 358 1073 423 majestate
1109 353 1405 419 regnantis,
1461 348 1658 415 legibus
1694 349 1888 416 obliya-

97 453 201 496 tum
237 462 290 494 se
327 443 602 509 profiteri3
650 438 766 506 quin
813 447 979 491 tamen
1026 435 1207 488 idcirco
1254 450 1309 486 se
1355 432 1528 493 iisdem
1565 440 1650 483 aut
1689 432 1891 500 praede-

98 527 376 580 cessoribus
413 524 514 576 suis
568 522 661 574 sibi
711 521 1020 589 aequalibuS,
1066 520 1145 572 vel
1191 515 1479 585 sibimetipsi
1525 515 1746 569 coactivo
1776 517 1891 585 jure

98 613 298 664 subesse
333 608 426 661 dici
461 606 634 677 possit.
707 604 816 657 Hoc
863 621 983 673 ergo
1031 621 1182 655 sensu
1230 619 1336 654 cum
1371 599 1586 652 Romani
1621 598 1891 656 Pontifices

100 714 153 748 se
189 693 451 747 obnoxios·
469 690 777 742 affirmarunt
822 688 978 740 sacris
1015 686 1298 757 disciplinae
1344 685 1639 749 canonibus,
1683 703 1784 737 non
1820 685 1892 736 id-

99 779 229 831 circo
267 775 578 830 conciliorum
615 773 903 841 quandoque
941 771 1089 824 etiam
1126 788 1228 822 non
1263 769 1593 839 generalium,
1629 769 1681 821 in
1718 770 1892 839 quibus

99 863 214 915 dicti
249 876 462 914 canones
498 859 694 910 fuerunt
731 856 987 910 constituti
1022 865 1073 908 et
1113 856 1174 907 ab
1210 854 1503 924 Apostolica
1540 854 1655 906 sede
1690 855 1894 926 recepti,

91 946 260 1016 jusin
293 944 429 1014 ipsos
466 942 648 995 exinde
672 942 841 994 deduci
875 950 1056 1012 potest,
1094 958 1202 992 cum
1239 939 1300 991 ad
1326 957 1494 990 eorum
1528 939 1895 994 observantiam

99 1047 197 1082 non
233 1031 473 1092 humano,
511 1028 596 1081 sed
633 1026 846 1080 naturali
882 1044 940 1080 ac
977 1024 1139 1079 divino
1169 1026 1284 1093 jure
1322 1023 1615 1092 obligentur.

102 1290 216 1339 Adeo
246 1301 342 1329 vero
372 1288 449 1339 hoc
480 1288 624 1328 altiori
651 1288 843 1333 naturali
883 1287 1112 1338 divinoque
1145 1284 1244 1334 jure
1285 1285 1341 1335 ad
1371 1284 1655 1342 executionem
1687 1288 1726 1325 et
1756 1286 1896 1325 obser-

99 1349 285 1388 vantiam
317 1357 525 1396 canonum
555 1346 824 1396 discipliuae,
859 1345 1059 1397 quamdiu.
1090 1345 1258 1394 vigent,
1290 1344 1535 1394 obligantur
1554 1345 1717 1383 summi.
1748 1344 1897 1383 Ponti-

91 1404 213 1456 fices,
243 1405 418 1446 utlicet
439 1401 524 1455 ‘pro
555 1414 860 1454 supremasua
891 1406 1098 1454 potestate
1126 1402 1295 1454 possint
1322 1403 1370 1442 in
1401 1402 1511 1452 ipsis
1542 1401 1804 1452 dispensare,
1835 1404 1899 1441 vel

102 1465 259 1521 eosdem
290 1464 417 1504 etiam
449 1463 681 1514 aliquando
712 1463 965 1512 restringere
994 1464 1059 1502 vec
1083 1464 1280 1508 mutam
1312 1471 1399 1500 non
1428 1463 1567 1500 tamen
1600 1461 1790 1510 debeant,
1823 1472 1899 1500 uec

519 1521 633 1582 licite
661 1521 708 1561 id
738 1521 904 1571 possint
925 1522 1089 1572 absque
1121 1519 1310 1569 legitima
1336 1530 1481 1558 emesa.

242 1619 292 1672 3.
369 1618 678 1674 Potestatem
726 1617 1038 1688 dispensandi
1081 1617 1134 1668 in
1183 1615 1401 1671 materiis
1451 1615 1734 1686 disciplinae
1781 1633 1899 1677 con—

103 1703 303 1755 stitutae
351 1703 618 1755 canonibus
662 1702 978 1756 conciliorum
1024 1701 1173 1753 etiam
1222 1700 1551 1772 generalium,
1600 1718 1724 1768 quae
1772 1701 1901 1752 auti-

104 1787 351 1855 quissimis
405 1788 646 1858 exemplis
692 1788 960 1858 probatur,
1007 1785 1209 1838 summis
1254 1783 1575 1837 Pontificibus
1624 1794 1901 1855 competere

105 1870 373 1925 adversarii
410 1889 594 1941 negare
630 1889 730 1923 non
765 1880 988 1942 possunt.
1044 1870 1187 1923 Hanc
1224 1887 1416 1939 quoque
1454 1888 1485 1921 a
1510 1866 1903 1922 Chalcedonensi

102 1955 415 2017 oecumenica
450 1942 641 2026 SYnodo
677 1956 898 2025 agnitam
937 1965 986 2007 et
1025 1955 1344 2024 approbatam
1381 1955 1687 2006 demonstrat
1728 1972 1902 2006 exem·

103 2041 230 2110 plum
269 2039 485 2091 Maximi
523 2039 848 2103 Antiocheni‚
896 2039 975 2107 qui
1023 2048 1255 2107 tanquam
1290 2037 1566 2109 Epi-scopus
1614 2038 1666 2089 in
1714 2057 1778 2090 ea
1814 2039 1903 2090 fuit

103 2133 327 2194 receptus
365 2141 434 2176 ex
471 2124 575 2175 sola
609 2123 933 2194 Apostolicae
979 2124 1108 2176 sedis
1146 2123 1468 2184 auctoritate,
1524 2133 1670 2192 atque
1707 2116 1902 2194 dispen-

105 2208 296 2260 satione
334 2227 363 2260 a
396 2208 564 2277 rigore
602 2226 860 2272 canonum,
897 2226 966 2260 ex
1004 2208 1175 2277 quibus
1199 2208 1455 2278 illegitima
1492 2208 1619 2260 illius
1657 2209 1902 2261 ordinatio

105 2293 261 2362 ipsum
306 2282 584 2362 repellebat.
659 2290 762 2357 Qui
815 2302 986 2346 tamen
1035 2283 1240 2345 eundem
1286 2291 1344 2344 S.
1382 2291 1491 2345 Leo
1538 2294 1903 2363 dispensatione

106 2395 224 2429 usus
271 2386 505 2445 tanquam
551 2375 843 2446 Episcopum
894 2387 1176 2447 receperat,
1247 2376 1466 2446 synodus
1522 2396 1713 2446 quoque
1774 2379 1905 2430 inter

107 2461 292 2514 Patres
326 2461 527 2531 recepit.
602 2461 892 2526 Actionem,
938 2480 1063 2530 quae
1099 2462 1191 2514 hoc
1225 2462 1407 2514 factum
1447 2463 1757 2532 apertissime
1786 2483 1906 2534 pro-

106 2548 218 2610 bat,
255 2546 306 2598 in
344 2545 543 2598 dubium
571 2563 809 2599 revocare
845 2546 1028 2598 studuit
1063 2545 1366 2603 Paschasius
1405 2543 1720 2612 QuesnelluS.
1776 2546 1904 2600 Eam

107 2649 227 2699 vero
266 2649 374 2692 eumv
407 2641 456 2683 et
491 2649 560 2684 ex
595 2631 820 2685 diversae
856 2631 1063 2700 originis
1097 2631 1339 2684 codicibus
1366 2641 1415 2684 et
1441 2631 1550 2684 aliis
1579 2633 1904 2690 monumentis

91 2715 460 2778 „vindicavimus
499 2716 883 2771 luculentissime
920 2716 972 2767 in
1020 2715 1464 2770 observationibus
1501 2718 1560 2769 ad
1596 2717 1906 2770 dissertatio-

111 2818 222 2852 nem
257 2798 348 2850 lx,
396 2797 650 2865 Quesnelli
684 2802 922 2865 insertam
957 2810 1162 2854 nostrae
1200 2802 1402 2854 editioni
1427 2800 1642 2872 Operum
1676 2801 1736 2871 VS.
1771 2801 1907 2855 Leo-

111 2884 188 2936 nis
222 2894 342 2935 tom.
382 2885 431 2935 2.
471 2884 876 2956 adstipulantibus
914 2904 1022 2938 cum
1059 2885 1227 2956 (Nota
1253 2887 1338 2939 54.
1378 2887 1430 2938 in
1463 2885 1704 2939 Leonem.
1745 2884 1906 2952 Ques-

111 2969 203 3021 nel.
224 3015 227 3018 a
250 2969 443 3020 dissert.
482 2969 533 3021 9.
585 2988 635 3020 n.
673 2969 756 3037 3.)
803 2969 1120 3028 Tilleinontio
1179 2971 1288 3023 aliis
1345 2971 1643 3025 doctissimis
1691 2972 1905 3037 criticis;

112 3054 293 3106 exinde
329 3054 708 3123 concludendum
745 3064 822 3106 est
853 3055 1007 3124 ipsius
1046 3052 1299 3120 Quesnelli
1327 3056 1525 3110 verbis:
1599 3059 1719 3109 ,lam
1750 3076 1906 3124 prae-

113 3140 457 3191 clarissimum
493 3142 1005 3208 antiquissimamque
1033 3159 1173 3207 prae
1209 3142 1445 3192 manibus
1492 3143 1735 3193 habemus
1772 3144 1908 3193 testi·

114 3225 336 3274 mortium
392 3242 617 3276 summae
682 3227 1009 3276 auctoritatis
1065 3225 1340 3292 Pontificis
1388 3226 1619 3276 Romani
1674 3234 1778 3277 tum
1827 3226 1917 3277 IN

121 3307 510 3368 SYNOD-os,
556 3316 665 3361 tum
710 3313 764 3360 in
808 3309 1104 3360 orientales
1141 3310 1463 3376 Episcopos,
1508 3315 1790 3381 majorum,
1835 3315 1908 3362 iu-

118 3409 297 3458 quam,
335 3411 398 3443 ac
425 3385 807 3466 primariarum
847 3396 1060 3446 sedium.
1135 3392 1243 3446 Hoc
1281 3402 1330 3446 et
1368 3393 1464 3446 alia
1499 3394 1678 3448 similia
1714 3395 1908 3466 dispen-
