2326 3854
382 297 469 351 sed
507 298 747 368 quasdam
787 308 981 351 tantum
1021 298 1283 356 facultates
1323 297 1603 350 concedens
1653 298 1706 349 in
1758 299 1867 351 loca
1909 309 1958 351 et
1996 318 2240 371 personas

381 395 673 457 exemptaS‚
721 404 809 440 eas
847 387 954 439 fere
994 402 1096 436 non
1134 382 1423 437 ordinariae
1470 382 1694 456 ipsorum
1738 376 2081 455 jurisdictioni
2120 406 2241 441 cou-

380 473 555 538 cessit,
595 474 684 543 sed
720 483 959 542 tauquam
999 470 1132 523 sedis
1172 470 1502 543 Apostolicae
1541 472 1815 543 delegatis3
1856 490 2024 526 nonne
2064 492 2241 528 exem-

382 559 582 631 ptiones
620 559 862 631 ejusmodi
899 567 1039 610 ratas
1075 557 1446 630 praesumpsit?
1487 556 1646 613 Certe
1673 560 1837 630 quoad
1864 560 2241 633 exemptionum

381 646 697 718 privilegium
748 645 792 698 si
843 664 989 699 nemo
1032 646 1151 717 ju're
1206 663 1506 700 succensere
1554 655 1723 718 potest
1782 647 1970 700 duabus
2021 644 2242 719 antiquis

383 730 627 805 Synodis‚
668 729 1065 804 Carthaginensi
1113 733 1236 786 anni
1274 734 1398 786 525.
1455 732 1555 805 (T.
1601 734 1652 786 5.
1706 731 1903 788 Concil.
1944 733 2079 789 Ven.
2121 735 2239 789 edin

383 818 549 873 Coleti
603 820 696 873 col.
750 821 856 874 772
890 828 959 873 'et
999 819 1171 891 seqq.)
1229 829 1281 872 et
1332 819 1582 873 anteriori
1630 820 1927 876 Arelatensi
1982 823 2034 875 in
2083 823 2239 895 ipsius

384 905 809 979 Carthaginiensis
859 907 987 961 actis
1035 907 1296 971 laudatae,
1345 924 1555 977 quarum
1603 906 1764 960 altera
1813 907 1911 961 sibi
1956 921 2242 982 competere

382 1013 483 1047 uon
533 994 779 1049 dubitavit
827 996 1114 1048 facultatem
1164 993 1417 1048 eximendi
1476 993 1528 1046 iu
1580 993 1869 1064 quibusdam
1920 992 2177 1068 capitibus
2212 1017 2242 1051 a

368 1086 496 1154 jure
535 1082 825 1136 dioecesani
863 1080 1101 1155 Episcopi
1147 1081 1510 1134 monasterium
1549 1079 1865 1147 Leriuense,
1916 1083 2079 1155 prima
2117 1104 2240 1140 vero

384 1170 628 1240 quoddam
675 1170 1039 1224 monasterium
1086 1168 1376 1242 provinciae
1426 1168 1734 1240 Byzacenae
1781 1170 1984 1242 primati
2033 1169 2241 1227 Africae

382 1257 631 1311 addictum
671 1244 1020 1325 confirmavitr,
1061 1257 1173 1328 quis
1210 1255 1262 1315 in
1302 1256 1501 1308 dubium
1527 1267 1733 1311 revocet
1771 1257 1980 1311 similem
2019 1267 2243 1330 potesta-

383 1354 485 1397 tem
525 1343 776 1398 Romanis
814 1346 1158 1417 praesulibus,
1203 1344 1382 1413 quibus
1421 1361 1653 1416 suprema
1691 1343 1977 1415 plenissima
2014 1355 2242 1418 potestas

385 1432 436 1484 in
475 1431 766 1486 universam
803 1431 1085 1486 Ecclesiam
1117 1434 1236 1504 jure
1275 1430 1443 1485 divino
1483 1432 1801 1487 concedenda
1838 1434 1954 1486 est?

536 1519 643 1571 14.-
715 1519 897 1590 Neque
933 1539 1057 1577 vero
1097 1519 1258 1589 quoad
1307 1519 1522 1578 istorum
1573 1519 1928 1573 auctoritatem
1973 1520 2025 1573 iu
2064 1523 2242 1575 mode-

382 1606 555 1659 randis
602 1608 686 1661 vel
744 1598 1118 1678 restringendis
1165 1605 1530 1678 Episcoporum
1580 1606 1903 1661 facultatibus
1960 1609 2242 1663 vetustiora

381 1695 564 1748 desunt
600 1695 851 1768 exempla.
910 1692 1053 1746 Nihil
1092 1694 1222 1765 apud
1261 1691 1585 1748 adversarios
1622 1693 1935 1764 frequentius
1972 1684 2242 1768 ingeritur,

383 1801 531 1852 quam
558 1781 842 1855 Episcopos
873 1783 991 1854 jure
1029 1780 1198 1836 divino
1239 1799 1353 1835 esse
1385 1780 1670 1854 judicesin
1710 1783 2072 1837 controversiis
2109 1785 2241 1839 fidei.

383 1869 458 1922 At
496 1888 666 1925 nonne
705 1868 763 1924 S.
794 1868 982 1923 Petrus
1023 1865 1378 1940 Chrysologus
1416 1886 1557 1920 suam
1595 1868 1900 1922 sententiam
1939 1882 2146 1943 rogatus
2182 1873 2242 1926 ab

381 1955 614 2028 Eutyche
652 1957 705 2010 in
744 1956 955 2010 materia
998 1955 1058 2008 ad
1098 1956 1242 2009 fldem
1278 1954 1596 2027 pertinente,
1646 1973 1702 2009 se
1751 1958 2023 2013 excusavit
2059 1960 2244 2014 rescri-

384 2045 510 2098 bens
550 2031 809 2117 (Epj25'
845 2045 982 2099 inter
1019 2043 1280 2102 Leoninas
1337 2060 1456 2097 nov.
1517 2030 1692 2116 edit-Q:
1769 2045 1886 2097 Nos
1943 2049 2110 2099 enim?
2132 2066 2241 2117 pro

384 2135 561 2186 studio
593 2137 754 2202 pacis
805 2140 858 2186 et
908 2135 1042 2204 fidei
1098 2139 1260 2200 extra
1316 2148 1632 2184 consensum
1684 2132 1964 2186 Romanae
2014 2136 2244 2187 civitatis

385 2221 652 2290 Episcopi
699 2208 894 2274 causas
935 2223 1071 2291 fidei
1103 2217 1310 2273 *audire
1361 2217 1484 2290 (seu
1534 2236 1606 2271 ex
1652 2215 1852 2273 Graeco
1905 2221 2243 2294 dijudicare)

381 2327 490 2360 non
517 2327 826 2377 possumus.
918 2307 1060 2362 Haec
1113 2307 1382 2362 manifesta
1432 2305 1689 2359 restrictio
1740 2315 1820 2360 est
1859 2307 1994 2379 juris
2033 2306 2245 2381 Episco-

382 2394 540 2468 paliS,
593 2398 733 2468 cujus
772 2395 983 2449 similem
1022 2393 1271 2467 Aegyptii
1309 2394 1591 2465 allegarunt
1628 2393 1680 2446 in
1719 2393 1930 2448 concilio
1971 2392 2246 2450 Chalcedo-

381 2483 529 2536 nensi
568 2493 667 2536 act.
707 2485 761 2536 4.
801 2481 901 2555 (Τ.
942 2485 994 2536 4.
1037 2481 1237 2537 Concil.
1278 2480 1422 2536 Ven.·
1457 2480 1576 2533 edit.
1617 2481 1712 2533 col.
1746 2480 1971 2552 1402),
2010 2490 2070 2536 ut
2103 2485 2247 2538 nihil

346 2609 349 2612 -
383 2572 583 2640 absque
622 2574 742 2639 ipso
783 2569 1066 2641 (Antistite
1090 2556 1472 2639 Alexandrino)
1514 2575 1768 2638 afferetur
1807 2569 1872 2621 ab
1914 2569 2099 2637 aliquo
2131 2571 2243 2623 sub-

365 2665 592 2731 jacente
631 2659 928 2727 Episcopo.
1004 2656 1138 2711 Vide
1187 2665 1414 2709 nostram
1445 2654 1839 2708 *adnotationem
1875 2654 1928 2707 iu
1978 2644 2243 2710 recitatum

387 2743 696 2817 Ch-rysologi
733 2746 921 2798 locum.·
976 2743 1164 2798 Divino
1195 2761 1394 2814 quoque
1425 2745 1542 2815 jure
1581 2742 1838 2814 pertinere
1875 2742 1937 2794 ad
1962 2740 2244 2817 Episcopos

387 2833 619 2887 conferre
657 2823 1080 2900 sacrossordines
1117 2830 1210 2896 iis,
1259 2830 1344 2900 qui
1383 2829 1619 2901 regimini
1657 2848 1861 2883 suarum
1898 2827 2245 2884 Ecclesiarum

387 2919 555 2990 utileS,
594 2929 646 2974 et
683 2921 836 2974 multo
877 2920 1041 2991 magis
1079 2919 1123 2972 si
1163 2918 1444 2972 necessarii
1482 2927 1617 2984 sunt,
1658 2917 1768 2988 quis
1805 2915 2047 2988 ignorat?
2098 2918 2244 2970 Afri-

387 3025 544 3061 canae
583 3017 750 3061 autem
791 3008 1035 3062 ecclesiae
1075 3008 1164 3060 sub
1205 3007 1350 3059 finem
1391 3004 1559 3076 quarti
1599 3015 1650 3058 et
1686 3004 1831 3057 initio
1870 3003 2032 3074 quinti
2059 3005 2249 3058 saeculi

385 3113 572 3165 magna
621 3113 883 3150 sacrorum
941 3093 1286 3147 ministrorum
1347 3093 1669 3146 laborabant*
1706 3088 1947 3163 penuria,
2017 3091 2141 3144 adeo
2192 3102 2246 3144 ut

386 3183 572 3235 multae
620 3201 794 3236 earum
844 3183 1014 3254 plebes
1063 3191 1237 3235 essent
1287 3181 1546 3244 desertae,
1596 3186 1690 3232 nec
1738 3196 1870 3230 uuus
1923 3177 2099 3231 saltem
2142 3178 2245 3231 dia-

387 3287 542 3327 conus
591 3269 772 3323 alicubi
819 3268 1150 3341 reperiretur.
1229 3265 1501 3323 Provideri
1534 3266 1665 3336 ‘huic
1713 3263 2009 3319 necessitati
2048 3274 2248 3337 poterat

386 3356 568 3426 partim
608 3355 894 3428 recipiendo
943 3357 996 3409 in
1048 3356 1153 3409 suis
1203 3353 1441 3424 gradibus
1491 3370 1607 3420 e0S‚
1659 3351 1758 3422 qui>
1792 3370 1820 3405 e
1858 3350 2145 3405 Donatistis
2183 3353 2244 3413 ad

386 3440 679 3504 catholicam
731 3443 972 3505 unitatem
1023 3443 1438 3505 revertebantur,
1499 3427 1680 3510 partim
1733 3457 1856 3493 vero
1906 3439 2242 3511 promovendo
