2326 3854
1020 127 1633 183 ——76—

551 295 635 347 11.
711 294 795 348 Ν6
839 313 961 349 vero
1000 291 1221 345 Ennodii
1258 291 1581 362 TicinensiS‚
1635 303 1723 349 aut
1760 293 2037 349 Romanae·
2067 297 2247 369 synodi

401 382 556 435 verba
592 382 646 434 in
682 381 875 437 favoris
932 389 982 432 et
1027 378 1227 449 gratiae
1273 379 1607 451 suspicionem
1658 381 1991 447 adducantur,
2042 384 2248 437 subdam

398 468 741 545 testimonium
777 466 922 521 Aviti
960 465 1346 539 Archiepiscopi
1382 466 1724 535 Viennensis3
1783 468 1913 538 quod
1947 469 2104 522 totius
2142 472 2249 541 gal-

399 555 593 608 licanae
642 554 889 619 ecclesiae,
935 553 1238 606 sententiam
1285 563 1336 607 et
1385 554 1682 627 principium
1721 555 1912 608 cunctis
1960 552 2248 612 nationibils

401 643 614 695 naturali
653 641 836 693 lumine
883 650 1056 692 notum
1106 640 1336 694 similiter
1383 642 1591 714 protulit
1639 641 1691 694 in
1743 642 1913 695 eadem
1959 640 2251 715 Symmachi

399 748 568 783 causa.
644 726 820 780 Primo
861 729 1079 780 omnium
1117 726 1488 782 Gallicanorum
1534 729 1735 782 nomine
1785 729 2013 782 scribens
2054 728 2246 803 (Epist.

397 815 518 882 31.)
559 815 620 868 ad
658 812 939 868 Senatores
977 814 1132 868 Urbis
1173 815 1270 868 ait:
1311 814 1361 867 A
1398 820 1602 871 cunctis
1647 818 1947 870 Gallica-nis
1981 820 2252 887 fratribus

397 907 525 956 meis
565 906 641 956 ad
676 904 779 956 lzoc
817 906 992 972 ipsum
1027 907 1137 955 non‘
1174 907 1346 955 minus
1375 922 1483 972 per
1508 905 1794 968 mandata,
1833 923 1991 974 quam
2024 925 2128 975 per
2167 908 2248 959 lit-

396 999 541 1044 teras
591 998 877 1056 oneratus,
938 1010 1285 1060 quaecunque
1341 992 1487 1043 vobis
1537 1010 1715 1043 omnes
1766 986 2051 1054 ambimus,
2111 1014 2248 1047 unus

396 1081 736 1149 suyyerenda
773 1081 1000 1148 suscepi.
1079 1076 1213 1130 Tum
1252 1077 1470 1130 omnium
1515 1077 1636 1131 item
1684 1072 1900 1132 nomine*
1926 1079 2249 1150 conqueri-tur

397 1164 657 1218 concilium
710 1174 1073 1236 congregatum
1120 1164 1277 1218 fuisse
1343 1164 1396 1216 in
1448 1183 1601 1218 causa
1649 1163 1917 1220 Pontificis
1966 1166 2246 1232 memorati,

395 1252 482 1322 qui
537 1256 586 1305 si
633 1254 850 1305 saeculo
884 1255 1130 1322 *primum
1181 1257 1373 1322 fuerat
1418 1259 1726 1314 accusatuS,
1793 1253 2247 1308 Consacerdotum

395 1358 614 1392 suorum
650 1341 901 1392 solatium
945 1343 1127 1408 potius
1167 1343 1449 1400 asciscere,
1489 1358 1647 1410 quam
1686 1343 1932 1409 recipere
1979 1342 2249 1395 debuisset

377 1427 680 1497 judicium:
721 1435 772 1479 et
810 1425 1061 1479 rationem
1099 1425 1325 1498 subjicit:
1375 1428 1519 1486 Quia
1559 1431 1700 1480 sicut
1732 1429 1971 1481 subditos
2009 1449 2107 1482 nos
2135 1449 2245 1482 esse

394 1518 623 1567 terrenis
655 1514 1012 1583 potestatibus
1032 1514 1195 1585 jubet
1220 1515 1421 1567 arbiter
1447 1516 1605 1575 caeli,
1642 1521 1878 1567 staturos
1917 1524 2038 1569 ante
2067 1517 2244 1587 Reqes

395 1609 447 1653 et
485 1601 776 1670 Principes
825 1605 880 1652 in
931 1620 1247 1671 quacunque
1297 1605 1580 1654 occasione
1616 1604 1975 1670 praedicens:
2021 1606 2099 1655 ita
2137 1623 2246 1656 non

388 1689 561 1757 facile
601 1690 764 1740 datur
803 1690 1062 1758 intellifi,
1101 1708 1208 1758 qua
1246 1690 1334 1741 vel
1366 1691 1580 1741 ratione
1626 1691 1714 1741 vel
1751 1690 1868 1759 leyc
1907 1691 1983 1742 ab
2023 1694 2244 1760 inferio-

393 1777 539 1828 ribus
579 1779 893 1829 eminentior
915 1778 1217 1848 judicetur.
1281 1775 1490 1841 Audin'‚
1530 1794 1622 1830 nec
1661 1795 1732 1830 ex
1769 1777 1970 1830 ratione
2006 1778 2243 1843 naturali,
2291 1839 2294 1842 ⁴

394 1867 487 1917 nec
526 1882 596 1916 ex
634 1864 746 1934 lege
783 1863 886 1916 ulla
924 1881 1075 1935 posse
1111 1862 1380 1916 inferiores
1419 1864 1479 1916 de
1518 1865 1768 1935 superiori
1795 1864 2062 1936 judicare?

542 1951 628 2003 12.
705 1949 818 2003 Hoc
855 1950 985 2003 idem
1022 1950 1319 2022 principium
1358 1950 1482 2003 satis
1520 1950 1760 2006 indicavit
1798 1952 1951 2004 etiam
1989 1950 2047 2004 S.
2085 1950 2243 2007 Nico-

393 2038 501 2090 laus
540 2037 580 2089 I.
633 2037 687 2089 in
740 2037 955 2109 epistola
1003 2037 1056 2091 S.
1109 2038 1171 2090 ad
1216 2037 1518 2092 Michaelem
1563 2038 1928 2111 Imperatorem
1985 2039 2241 2093 scribens:

401 2125 532 2178 Cum
568 2128 858 2178 secundum
895 2145 1145 2187 canones,
1181 2127 1273 2179 ubi
1309 2133 1390 2179 est
1425 2133 1599 2199 major
1637 2130 1950 2188 auctoritas,
1969 2129 2242 2199 judicium

393 2216 714 2281 inferiorum
753 2217 823 2267 sit
848 2216 1219 2275 deserendum,
1257 2217 1334 2266 ad
1369 2211 1770 2266 dissolvendum*
1803 2217 2023 2276 scilicet,
2059 2216 2148 2267 vel
2170 2217 2247 2268 ad

391 2301 787 2362 roborandum3
817 2308 978 2370 patet
1003 2305 1262 2370 profecto
1303 2303 1445 2353 sedis
1472 2298 2026 2375 Apostolicae,'cujus
2065 2309 2241 2355 aucto-

392 2391 553 2440 ritate
591 2394 771 2460 maJ‘or
803 2408 913 2442 non
953 2396 1047 2450 est,
1067 2391 1341 2461 judicium
1380 2409 1414 2440 a
1438 2392 1646 2441 nemine
1666 2393 1795 2458 fore
1821 2391 2242 2450 retractandum,

391 2495 491 2528 nec
528 2478 779 2545 cuiquam
815 2478 882 2528 de
934 2481 1047 2547 ejus
1070 2477 1214 2528 iicet
1231 2478 1492 2547 judicare
1513 2478 1746 2547 judicio,
1822 2473 2013 2529 Eadem
2053 2475 2241 2528 scilicet

393 2571 472 2615 est
509 2562 568 2614 de
599 2561 802 2632 judiciis
848 2560 1181 2629 Pontificum,
1234 2580 1294 2614 ac
1343 2563 1402 2614 de
1436 2562 1659 2633 ipsorum
1698 2562 1930 2633 personis
1968 2562 2128 2627 rati0‚
2167 2561 2239 2615 ita

391 2659 448 2701 ut
484 2648 675 2701 nemini
707 2647 935 2701 inferiori
974 2657 1222 2719 competat
1259 2649 1318 2701 de
1354 2648 1583 2713 illorum,
1634 2647 1717 2718 qui
1766 2649 1972 2720 majoris
2019 2650 2238 2702 auctori-

391 2735 513 2788 tatis
553 2745 698 2804 sunt,
737 2735 1003 2789 sententiis
1041 2735 1124 2790 vel
1161 2734 1392 2806 personis
1422 2735 1668 2806 judicare.

538 2823 626 2876 13.
703 2821 815 2876 Hoc
859 2841 1055 2892 quoque
1113 2822 1436 2894 principium,
1504 2842 1599 2893 quo
1663 2823 1842 2876 summi
1886 2821 2162 2876 Pontifices
2209 2841 2239 2876 a

392 2910 613 2981 quolibet
654 2909 1018 2963 Ecclesiastico
1059 2910 1246 2981 judicio
1296 2911 1664 2978 subducuntur,
1724 2929 1834 2964 cum
1891 2929 1961 2964 ex
2023 2909 2238 2981 primatu

391 2999 487 3052 toti
522 2996 788 3052 Ecclesiae
827 2997 1115 3069 superiores
1154 2996 1282 3063 sint,
1331 3017 1433 3051 non
1479 2999 1692 3053 obscure
1730 2996 2034 3070 significavit
2073 2993 2233 3064 Quiu-

391 3087 787 3158 tilineburgense
825 3084 1119 3153 concilium,
1157 3085 1218 3137 de
1256 3104 1351 3155 quo
1392 3085 1515 3147 haec
1552 3089 1744 3140 referre
1782 3085 1900 3137 libet
1937 3102 2007 3137 ex
2046 3102 2234 3139 coaevo

392 3175 638 3246 scriptore
682 3173 920 3226 Bertoldo
970 3174 1273 3244 presbytero
1323 3170 1706 3226 Constantiensi
1752 3172 1806 3224 in
1841 3170 2134 3243 Appendice
2174 3173 2235 3225 ad

391 3261 733 3315 Hermannum
791 3257 1122 3314 Contractum
1172 3263 1233 3315 ad
1283 3281 1366 3315 an.
1410 3262 1567 3316 1085.
1664 3261 1791 3313 Cum
1841 3279 2019 3313 omnes
2058 3266 2233 3332 juxta

393 3353 636 3402 ordinem
673 3367 822 3402 suum
860 3352 1241 3412 consedissent,
1272 3352 1500 3419 prolata
1525 3356 1649 3422 sunt
1670 3351 1725 3399 in
1763 3349 1987 3400 medium
2014 3350 2233 3400 decreta

397 3438 498 3489 SS.
555 3438 782 3490 Patrum
838 3438 904 3488 de
952 3440 1196 3504 primatu
1242 3438 1384 3490 sedis
1424 3434 1771 3506 Apostolicae
1811 3444 1904 3488 etc.
2001 3436 2231 3497 Quidam
