2326 3854
946 217 1119 223 --·---
1209 202 1358 237 xvnl
1452 214 1620 222 m

490 359 887 415 Inconcussum
937 357 1074 413 illud
1120 361 1177 413 et
1204 373 1307 431 per
1339 371 1555 411 omnem
1592 352 1912 410 Ecclesiam
1943 357 2009 410 ab
2052 357 2201 412 initio

359 451 523 522 atque
571 465 606 505 a
636 449 846 503 cunctis
894 451 1043 502 retro
1077 444 1319 500 saeculis
1356 443 1600 499 validum
1632 444 1889 499 axioma:
1934 442 2204 515 „Prima

365 535 557 591 Sede-s·
603 555 642 591 a
671 534 915 591 nemine
944 531 1359 606 judicatur,“
1404 532 1734 588 tristissimis
1759 526 2206 587 Constantiensis

360 621 583 697 Synodi
643 624 979 697 temporibus
1039 622 1426 696 exceptionem
1484 620 1541 675 in
1592 638 1727 677 casu
1790 620 2104 675 schismatis
2153 623 2208 674 et

283 705 288 707 “
321 782 325 786 ⁵
356 713 614 768 haeresis
640 708 985 785 quibusdam,
1012 710 1377 766 obnitentibus
1409 713 1594 764 tamen
1616 708 1803 765 multis
1837 712 1894 764 et
1914 708 2123 782 pietate
2152 712 2206 763 et

360 801 592 856 scientia
627 799 847 854 eximiis
881 797 1231 873 'l'heologis7
1265 798 1381 871 pati
1412 796 1617 852 debere
1650 798 1833 852 visum
1870 799 1974 852 est.
2022 794 2204 851 'Pem-

358 905 494 962 pore
543 887 688 942 enim
729 887 888 942 istius
926 885 1242 942 schismatis
1274 902 1385 942 non
1416 883 1592 940 adfuit
1625 888 1812 941 certus
1843 884 2206 958 indubiusque

356 974 648 1031 Romanus
695 972 995 1052 Pontifex,
1045 970 1230 1030 Sedes
1275 973 1557 1030 censenda
1601 971 1705 1028 fuit
1759 988 1993 1048 vacans„
2041 975 2206 1047 atque

358 1081 533 1138 penes
554 1061 875 1120 Ecclesiam
903 1063 1142 1120 medium
1188 1067 1243 1119 et
1277 1066 1375 1134 jus
1423 1062 1561 1118 certi
1602 1059 1914 1135 indubiique
1961 1060 2208 1136 eligendi

356 1150 675 1225 Pontificis3
743 1153 931 1226 ecquis
978 1155 1164 1207 autem
1210 1167 1384 1206 sanae
1428 1150 1627 1204 mentis
1682 1151 1940 1206 aestimet
1985 1148 2057 1204 ad
2100 1148 2208 1205 hoc

358 1257 657 1296 necessum
674 1237 899 1313 Synodi
922 1240 1278 1296 autoritatem
1296 1255 1466 1314 supra
1478 1235 1805 1294 Pontificem
1828 1237 2166 1294 constituere
2178 1232 2208 1291 ἓ

357 1328 732 1385 Nihilominus
780 1328 920 1385 duce
966 1329 1265 1404 praecipuo
1299 1324 1577 1384 Gersonio
1620 1324 1913 1383 Romanus
1944 1323 2209 1381 Pontifex

360 1421 419 1474 ut
464 1417 770 1493 singularis
828 1433 1104 1493 persona,
1175 1433 1276 1473 seu
1321 1417 1542 1491 privata
1600 1431 1704 1471 seu
1757 1416 1923 1471 etiam
1966 1413 2208 1489 publica,

361 1506 576 1562 scilicet
620 1508 879 1579 tanquam
916 1505 1155 1564 Sedens
1197 1506 1264 1561 ab
1296 1503 1434 1578 ipsa
1472 1503 1635 1559 Sede
1680 1503 1989 1574 distinctuS,
2038 1498 2208 1575 Syn-

361 1594 465 1650 odo
514 1594 872 1650 oecumenica
931 1593 1160 1649 inferior
1219 1611 1254 1647 a
1298 1591 1579 1653 nonnullis
1637 1583 1968 1648 credebatur
2018 1592 2073 1645 in
2118 1591 2209 1666 iis,

362 1699 503 1756 quae
550 1682 621 1738 ad
654 1683 948 1755 *propriam
992 1682 1168 1755 ipsius
1198 1680 1462 1738 haeresin
1509 1677 1601 1756 (in
1636 1697 1800 1753 quam
1843 1683 2030 1735 tamen
2073 1678 2210 1733 nul-

311 1774 314 1778 ’
360 1772 448 1826 lus
494 1767 823 1826 Pontificum
867 1769 1140 1825 hactenus
1187 1769 1483 1844 prolapsus
1532 1772 1649 1845 est,
1720 1771 1984 1842 certoque
2031 1763 2211 1823 confi-

362 1859 540 1914 dimus
587 1858 642 1913 id
689 1875 965 1931 nunquam
1014 1862 1374 1933 eventurum,
1444 1856 1716 1930 simulque
1760 1867 2038 1931 negamus
2052 1893 2074 1925 ,
2143 1856 2210 1911 ob

361 1947 760 2022 promissiones
796 1942 1009 2002 Christi
1053 1945 1223 2003 Petro
1273 1949 1504 2019 ejusque
1529 1942 1965 2001 Successoribus
2010 1941 2211 2018 factaS,

361 2034 679 2091 Romanum
716 2033 1043 2090 Pontificem
1090 2038 1148 2091 ut
1191 2051 1488 2109 personam
1535 2032 1831 2109 publicam,
1881 2049 1955 2086 ex
1987 2027 2210 2087 Cathe-

363 2125 463 2180 dra
520 2124 839 2198 loquentem
900 2140 1091 2179 errare
1149 2118 1356 2198 posse)
1417 2139 1520 2177 seu
1576 2121 1819 2177 schisma
1874 2122 2211 2195 spectarent.

361 2211 560 2288 Haec,
605 2213 738 2268 licet
783 2215 945 2268 extra
989 2212 1210 2268 modum
1254 2210 1382 2267 fidei
1429 2211 1674 2286 absona⁷
1722 2209 1940 2284 quidam
1988 2205 2212 2267 Galliae

365 2300 623 2357 doctores
672 2319 705 2358 a
751 2296 1169 2357 Constantiensi
1211 2296 1483 2372 Synodo,
1530 2299 1850 2372 neutiquam
1893 2314 2033 2354 vero
2077 2297 2211 2352 uni-

364 2390 549 2466 versi,
598 2389 843 2462 amplexi
890 2393 1048 2460 sunt3
1107 2390 1184 2444 ita
1230 2392 1448 2463 tamen,
1502 2390 1564 2444 ut
1606 2391 1662 2442 et
1700 2402 1997 2461 supremae
2043 2387 2213 2441 auto-

364 2478 544 2533 ritatis
592 2481 647 2531 et
690 2478 1028 2535 inerrantiae
1060 2477 1420 2552 privilegium
1451 2479 1663 2534 tantum
1708 2471 1943 2531 Sedenti
1973 2474 2029 2529 in
2057 2471 2212 2530 Petri

367 2561 655 2621 cathedra
701 2563 1008 2640 denegent,
1056 2566 1164 2639 ipsi
1208 2581 1344 2620 vero
1392 2563 1734 2637 apostolicae
1779 2559 1941 2636 Sedi,
1987 2559 2212 2616 Roma—

366 2670 475 2709 nae
520 2653 735 2709 scilicet
765 2650 1064 2711 Ecclesiae
1097 2670 1219 2708 cum
1262 2669 1364 2709 suo
1390 2647 1627 2726 Capite,
1659 2648 1814 2707 Petri
1842 2646 2213 2725 Successore9

369 2745 718 2818 conjunctae,
750 2741 887 2801 nihil
914 2759 1151 2816 unquam
1174 2758 1312 2797 suae
1332 2740 1767 2816 praerogativae
1793 2738 2078 2815 denegare
2102 2755 2212 2795 vo·-

367 2831 573 2887 luerint
586 2849 604 2903 3
653 2834 710 2886 et
753 2830 896 2887 haec
943 2829 1046 2886 fuit
1088 2829 1301 2887 lubrica
1344 2827 1687 2904 quorundam
1730 2829 1996 2903 pristinae
2042 2825 2214 2881 Pari-

371 2921 572 2975 siensis
620 2918 850 2975 scholae
897 2920 1115 2996 opime,
1181 2935 1323 2993 quae
1369 2916 1626 2993 tandem,
1671 2916 1813 2992 proh
1859 2912 2045 2973 dolor!
2094 2932 2217 2970 cum

370 3009 610 3063 maxime
646 3007 798 3064 inter
843 3024 906 3063 se
952 3007 1179 3063 diversa
1230 3007 1731 3082 permiscerentur,
1802 3007 1891 3081 et,
1960 3019 2102 3076 quae
2148 3001 2216 3057 ad

371 3113 563 3151 casum
598 3095 911 3152 schismatis
945 3099 1000 3152 et
1029 3096 1286 3151 haeresis
1318 3096 1576 3151 restricta
1612 3095 1799 3168 erant,
1847 3091 2058 3147 evulsis
2091 3094 2216 3145 ter-

371 3186 532 3241 minis
590 3185 659 3241 ad
706 3185 820 3239 alia
867 3185 1322 3256 extenderentur,
1380 3185 1436 3239 in
1479 3182 1750 3242 famosam
1790 3180 1943 3237 illam
1990 3183 2046 3235 et
2083 3177 2215 3234 Ro-

371 3274 548 3327 manis
593 3271 948 3329 Pontificibus
995 3274 1235 3329 maxime
1292 3271 1550 3331 infestam
1604 3268 1973 3346 degeneravit
2017 3267 2215 3323 desiit-

375 3376 481 3432 que
526 3352 1009 3437 Declarationem,
1059 3378 1202 3436 quae
1252 3358 1442 3418 1682.
1488 3358 1672 3414 lucem
1717 3357 1953 3432 aspexit.
2037 3354 2218 3425 Quam

374 3448 686 3521 importuna
717 3449 826 3504 ista
847 3466 1151 3522 paucorum
1173 3447 1526 3522 Praesulum9
1571 3445 1758 3500 laicali
1792 3445 2053 3520 potestati
2085 3460 2217 3498 ser-

375 3536 539 3590 vilius
588 3537 1037 3612 concedentium,
1087 3541 1142 3592 et
1188 3538 1253 3593 ab
1301 3537 1451 3591 avita
1495 3533 1758 3611 Patrum7
1818 3535 1908 3607 qui
1953 3549 2052 3606 pro
2107 3549 2217 3587 au-
