2326 3854
686 263 839 269 -ψ
949 229 1066 285 165
1162 260 1329 266 -—

97 395 333 447 latoribus
370 392 735 446 Ecclesiasticis
773 411 873 446 non
922 394 1124 464 ignota,
1176 402 1226 445 et
1273 391 1492 461 ipsorum
1542 390 1716 441 saltem
1752 391 1904 443 tacito

97 497 341 532 consensu
379 479 646 548 approbata
693 478 926 543 invaluit,
976 488 1031 529 ut
1076 479 1212 546 leges
1258 485 1343 528 aut
1385 475 1583 527 decreta
1622 473 1906 543 disciplinae

97 564 194 617 vim
234 561 481 631 obligandi
517 579 617 613 non
655 562 937 626 obtineant,
985 561 1081 613 nisi
1116 562 1167 613 in
1205 560 1378 612 iisdem
1415 558 1538 611 locis
1573 557 1756 610 fuerint
1791 576 1906 628 pro-

97 649 369 716 mulgatae3
420 646 824 716 praesumendum
872 656 950 699 est
996 663 1082 698 eos
1130 644 1335 709 ibidem,
1385 643 1480 695 nisi
1534 660 1776 714 expresse
1824 661 1902 695 re-

96 732 302 794 sistant,
350 728 566 781 noluisse
604 731 826 782 absolute
864 730 1006 784 novis
1044 728 1233 799 legibus
1281 739 1363 782 aut
1401 727 1611 781 decretis
1660 727 1904 797 obligare:

95 815 221 867 unde
260 832 367 866 cum
418 814 654 884 expedire
692 815 897 867 credunt
947 834 1006 867 ea
1056 813 1237 883 recipi,
1289 831 1466 866 curare
1503 813 1666 864 solent
1701 821 1755 863 ut
1790 831 1905 882 pro-

94 900 374 969 mulgentur
411 915 469 949 ac
506 899 821 969 recipiantur.
908 896 1078 951 Sicubi
1115 916 1237 951 vero
1284 899 1421 968 leges
1473 898 1694 949 absolute
1744 897 1905 950 editae

94 1002 194 1035 non
229 983 532 1053 recipiantur
569 985 627 1035 ab
666 984 727 1035 iis
773 984 855 1053 qui
892 1002 1069 1054 parere
1114 983 1425 1046 debuissent,
1475 1000 1538 1033 ne
1576 981 1628 1032 in
1665 980 1903 1050 publicum

94 1070 317 1120 damnum
363 1067 634 1119 animarum
682 1078 907 1121 vertatur
962 1069 1077 1132 leX‚
1139 1087 1266 1136 quae
1326 1067 1377 1118 in
1423 1067 1605 1118 bonum
1665 1065 1905 1135 publicum

95 1154 223 1205 edita
271 1154 461 1214 fuerat,
519 1152 625 1222 ipso
682 1153 971 1222 legislatore
1017 1153 1204 1205 sciente
1258 1162 1308 1203 et
1354 1168 1454 1201 non
1500 1159 1809 1219 repugnante
1848 1168 1906 1201 ac

94 1237 243 1290 tacite
292 1236 630 1289 consentiente
679 1237 786 1289 lieri
835 1246 1026 1307 potest,
1075 1245 1126 1286 ut
1172 1236 1340 1287 eadem
1386 1234 1473 1285 lex
1509 1233 1607 1286 vim
1655 1233 1904 1301 obligandi

95 1323 312 1394 amittat,
368 1321 445 1374 vel
479 1320 698 1389 legitima
733 1321 1126 1392 praescriptione
1172 1320 1456 1389 abrogetur.
1533 1316 1591 1370 Si
1626 1318 1675 1368 id
1712 1327 1903 1368 tantum

93 1406 375 1477 scripsisset
422 1403 465 1456 F
470 1405 728 1469 ebronius,
777 1407 896 1458 nihil
938 1406 1043 1476 juri
1089 1403 1385 1456 Pontificum
1433 1412 1518 1455 aut
1569 1400 1901 1455 Conciliorum

91 1491 414 1544 detraxisset.
487 1489 561 1541 At
598 1508 682 1554 ea,
731 1490 903 1558 quibus
939 1491 1040 1545 vim
1077 1491 1238 1559 legum
1277 1488 1432 1558 affigit
1482 1487 1786 1545 subditorum
1825 1506 1905 1540 re-⁴

93 1575 305 1646 ceptioni
354 1584 502 1642 atque
553 1576 844 1640 consensui,
897 1594 1004 1628 cum
1051 1593 1239 1627 merum
1281 1576 1366 1644 jus
1421 1572 1755 1644 proponendi,
1802 1591 1902 1624 non

93 1669 255 1712 autem
307 1658 511 1727 cogendi
556 1659 607 1710 in
655 1659 753 1711 illis
803 1661 1080 1723 adstruant,
1116 1659 1318 1729 probari
1355 1659 1636 1727 neutiquam
1675 1668 1900 1728 possunt.

93 1743 190 1797 Sed
228 1753 544 1796 transeamus
582 1744 642 1794 ad
679 1743 793 1808 alia,
831 1747 1004 1814 quibus
1042 1743 1279 1816 Febronii
1315 1743 1505 1796 indoles
1541 1744 1593 1795 in
1620 1743 1900 1812 derogando

92 1827 410 1899 Apostolicae
436 1828 717 1880 auctoritati
742 1830 890 1881 etiam
928 1839 1074 1898 atque
1112 1829 1260 1881 etiam
1298 1830 1574 1899 detegetur,
1613 1836 1662 1879 et
1694 1825 1902 1878 Pontifi-

92 1913 165 1966 cia
202 1913 419 1983 legitima
453 1922 673 1984 potestas
711 1915 869 1984 magis
905 1913 1162 1984 magisque
1198 1904 1543 1968 vindicabitur.

703 2181 1102 2253 CAPUT
1161 2180 1294 2251 ΙΙΙ.

92 2333 171 2377 De
211 2348 270 2378 su
309 2348 450 2379 rema
500 2341 547 2379 et
580 2334 740 2394 plena
768 2334 1124 2380 Ecclesiastica
1156 2333 1436 2387 Potestate,
1481 2351 1610 2394 quae
1651 2338 1898 2382 Romanis

91 2390 248 2436 Ponti
284 2391 419 2437 cibus
436 2397 672 2452 competit
685 2394 810 2450 jure
830 2397 1100 2453 primatu-5.
1166 2392 1354 2446 Quibus
1385 2394 1625 2439 limitibus
1656 2396 1817 2440 divini
1836 2412 1897 2440 ac

89 2450 341 2494 naturalis
364 2451 506 2508 juri-s·
545 2455 953 2511 circumscripta,
999 2458 1046 2496 et
1087 2458 1239 2510 quam
1281 2452 1450 2496 aliena
1492 2468 1523 2496 a
1573 2454 1896 2499 monarchico

91 2507 364 2553 arbitrario
397 2515 447 2554 et
483 2510 695 2568 effraeni
723 2511 1010 2562 dominatu,
1053 2514 1198 2568 quem
1239 2514 1340 2570 ipsi
1369 2510 1575 2570 affinqit
1603 2511 1892 2557 Febr-onius.

90 2565 317 2619 Summa,
348 2568 437 2612 sed
464 2583 564 2612 non
582 2569 691 2612 sola
751 2575 933 2613 ates-tas
964 2575 1035 2612 est
1066 2573 1118 2612 in
1136 2567 1390 2613 Ecclesiae
1420 2575 1677 2628 νεῃῑνηίηε,
1709 2575 1896 2632 quippe

89 2639 216 2682 quae
246 2640 358 2670 cum
383 2632 634 2686 potestate
701 2631 1030 2686 piscoporum
1060 2642 1091 2671 a
1123 2625 1233 2671 Deo
1264 2631 1505 2672 institutas
1529 2630 1812 2689 copulatur,
1847 2636 1896 2674 et

88 2686 309 2742 reqimen
348 2699 447 2730 non
483 2685 782 2744 simpliciter
821 2684 1228 2738 monarchicum,
1276 2687 1365 2730 sed
1400 2701 1461 2730 ex
1490 2687 1815 2733 monarchico
1848 2695 1898 2732 et

478 2747 824 2788 aristocratiae
857 2751 1193 2804 temperatum
1225 2748 1494 2790 constituit.

238 2857 280 2905 l.
355 2854 442 2906 Ex
479 2857 759 2909 constitutis
806 2860 1042 2911 hactenus
1091 2860 1233 2912 facile
1280 2870 1357 2912 est
1393 2860 1699 2930 intelligere,
1746 2880 1890 2930 quam

86 2957 204 2992 vere
257 2940 456 2992 summis
494 2939 815 2994 Pontificibus
864 2962 1092 3014 suprema
1140 2954 1190 2996 et
1232 2946 1377 3014 plena
1412 2944 1769 2998 Ecclesiastica
1804 2965 1891 3016 po-

83 3033 246 3076 testas
280 3034 525 3096 competat
553 3028 668 3096 jure
705 3026 959 3096 primatus.
1035 3026 1279 3098 Suprema
1315 3029 1398 3080 illa
1435 3040 1539 3094 est,
1578 3049 1704 3099 quae
1742 3049 1891 3102 supra

85 3126 254 3162 omnes
291 3108 546 3162 Ecclesiae
584 3120 858 3181 potestates
893 3113 963 3164 ita
1002 3113 1212 3177 eminet,
1262 3123 1316 3164 ut
1365 3115 1484 3166 nulli
1532 3116 1738 3167 istarum
1776 3117 1889 3167 suh-

76 3192 293 3262 jiciatur.
370 3194 678 3247 Pontificium
717 3196 974 3266 primatum
1001 3215 1111 3250 esse
1135 3207 1429 3268 pot-estatem
1456 3218 1731 3269 supremam
1758 3200 1890 3253 inter

84 3275 333 3330 Ecclesias
369 3280 719 3349 particulareS,
767 3299 858 3333 nec
897 3282 1116 3350 cuiquam
1168 3283 1449 3353 particulari
1486 3283 1771 3349 Ecclesiae,
1810 3287 1888 3353 vel

85 3359 336 3429 Concili0‚
374 3365 498 3431 quod
534 3366 875 3435 particularem
915 3367 1177 3435 quamlibet
1213 3367 1488 3422 Ecclesiam
1527 3381 1888 3441 repraesentet,

85 3463 196 3498 esse
245 3447 539 3516 subjectam,
583 3468 651 3502 ex
702 3452 1104 3505 condemnatione
1154 3472 1376 3506 errorum
1417 3453 1642 3508 Wicleffi‘
1681 3458 1809 3510 facta
1858 3477 1886 3509 a
