2326 3854
650 208 1294 262 ——113—

213 378 265 430 8.
341 376 696 448 Expendamus
735 392 862 427 nunc
908 372 1170 425 earundem
1220 366 1622 422 constitutionum
1661 363 1878 434 synoda-

76 461 188 513 lium
229 479 452 526 sensum,
491 471 541 513 et
576 460 847 522 videamuS‚
887 477 1000 510 num
1038 456 1199 525 aliqua
1235 455 1410 507 saltem
1448 452 1642 504 ratione
1677 449 1748 500 ita
1785 466 1878 500 ex-

74 545 244 616 plicari
281 555 330 598 et
365 544 574 615 intelligi
610 554 818 612 queant,
868 552 921 593 ut
958 561 985 594 a
1022 542 1233 595 veritate
1283 557 1382 591 non
1428 536 1607 590 absint.
1683 533 1879 586 Dicitur

77 629 349 683 Concilium
418 628 652 700 generale
709 626 989 680 universam
1047 624 1322 677 Ecclesiam
1377 630 1758 694 repraesentans
1779 658 1793 682 ,
1852 636 1880 669 a

78 713 280 767 Christo
317 715 610 766 immediate
639 718 955 778 potestatem
1000 712 1209 762 habere.
1285 707 1409 774 Quis
1447 709 1493 760 id
1529 709 1588 760 de
1635 724 1755 760 vero
1794 722 1880 774 ge-

77 799 233 852 nerali
270 797 474 851 concilio
511 797 694 865 neget?
747 792 870 860 Quis
908 795 1095 865 pariter
1133 804 1281 864 neget
1317 795 1376 846 de
1414 790 1794 846 Constantiensi
1830 789 1880 840 in

76 884 137 936 iis
174 901 298 952 quae
333 883 432 936 vim
479 880 728 951 generalis
774 881 969 933 concilii
1018 881 1360 943 obtinuerunt,
1406 878 1566 947 qualia
1603 886 1719 929 sunt
1755 892 1882 944 quae

78 967 210 1020 circa
254 967 394 1020 fidem
441 966 615 1019 statuit
664 976 836 1018 contra
884 965 1202 1028 VVicleffum,
1263 964 1369 1015 Hus
1426 973 1478 1015 et
1522 962 1882 1033 Hieronymum

78 1051 406 1119 Pragensem,
443 1051 616 1121 quibus
653 1069 752 1102 non
777 1050 928 1102 defuit
961 1050 1267 1102 confirmatio
1294 1048 1608 1119 Apostolica3
1648 1058 1698 1100 et
1722 1046 1885 1116 qualia

79 1147 191 1190 sunt
238 1138 386 1190 etiam
440 1146 626 1188 statuta
669 1135 1033 1187 reformationis
1078 1144 1130 1186 et
1175 1133 1486 1204 disciplinae,
1537 1135 1663 1201 quae
1715 1133 1884 1184 eadem

81 1223 433 1297 approbatione
469 1223 705 1274 roborata
742 1221 973 1272 fuerunt?
1046 1218 1102 1270 ln
1141 1219 1279 1278 aliis,
1331 1236 1455 1286 quae
1493 1216 1584 1269 hac
1622 1217 1883 1268 confirma-

79 1308 214 1359 tione
252 1316 454 1370 carent,
503 1324 591 1359 cur
627 1305 705 1358 vis
743 1303 992 1374 generalis
1031 1303 1224 1356 concilii
1260 1312 1470 1372 nequeat
1511 1302 1722 1366 admitti,
1772 1319 1886 1372 pro-

79 1394 240 1445 batum
279 1401 362 1444 est.
392 1391 515 1443 satis
553 1409 660 1461 cap.
700 1391 750 1441 2.
791 1400 841 1442 et
876 1390 929 1442 4.
970 1391 1094 1441 unde
1132 1389 1199 1440 nil
1234 1388 1437 1451 mirum,
1485 1388 1530 1438 si
1567 1388 1726 1457 quoad
1756 1381 1886 1439 ‘haec

81 1477 206 1530 idem
243 1476 497 1529 concilium
543 1494 642 1528 non
693 1475 866 1539 fuerit,
915 1493 1007 1528 nec
1054 1473 1221 1527 haberi
1278 1473 1437 1544 possit
1483 1474 1747 1542 generale,
1798 1490 1889 1525 nec

80 1561 464 1632 jurisdictionem
508 1561 757 1631 generalis
805 1560 982 1632 synodi
1044 1560 1238 1612 habeat.
1319 1556 1457 1611 Haec
1503 1558 1694 1627 quidem
1735 1558 1888 1628 juris-

82 1646 228 1698 dictio
287 1664 315 1697 a
361 1642 563 1698 Christo
618 1645 896 1697 immediate
957 1644 1202 1708 dimanat,
1258 1644 1370 1712 quia
1416 1641 1647 1696 Christus
1696 1661 1889 1696 omnem

74 1730 463 1800 jurisdictionem
507 1728 906 1783 Ecclesiasticam
950 1729 1251 1782 immediatev
1282 1728 1482 1781 tradidit
1528 1727 1587 1780 S.
1633 1727 1790 1780 Petro
1840 1738 1890 1781 et

84 1815 370 1886 ApostoliS,
426 1833 483 1868 ac
524 1815 575 1867 in
624 1815 746 1886 ipsis
800 1815 930 1867 dedit
952 1813 1194 1865 xRomano
1233 1813 1465 1866 Pontifici
1512 1814 1792 1867 successori
1829 1812 1885 1866 S.

85 1899 244 1963 Petri,
282 1900 490 1969 aliisque
525 1899 784 1971 Episcopis
822 1898 1191 1951 successoribus
1227 1897 1584 1970 Apostolorum
1623 1918 1692 1952 ex
1728 1900 1890 1970 dispu-

83 1985 202 2037 tatis
246 1984 404 2055 capite
452 1985 500 2037 l.
560 1986 607 2052 ἓ.
650 1987 694 2037 l.
725 1994 779 2037 et
816 1984 866 2034 Ξ.
953 1982 1052 2035 Sed
1113 2003 1218 2036 cum
1265 1984 1423 2037 Petro
1485 1985 1692 2055 primum
1735 1985 1890 2055 juris-

85 2069 345 2123 dictionem
383 2067 615 2123 Christus
649 2070 864 2134 dederit,
901 2087 990 2122 seu
1025 2069 1310 2140 promiserit
1358 2071 1624 2142 separatim
1664 2072 1724 2122 ab
1762 2070 1891 2134 aliis,

86 2154 196 2207 aliis
231 2172 355 2208 vero
392 2165 565 2226 postea
601 2174 701 2208 non
737 2154 923 2208 dederit
959 2155 1226 2226 separatim
1263 2173 1292 2206 a
1322 2154 1496 2219 Petro,
1535 2157 1620 2208 sed
1656 2174 1756 2208 una
1783 2174 1890 2209 cum

88 2238 242 2292 Petro
279 2240 333 2291 in
367 2241 546 2293 bonum
581 2241 816 2305 unitatis3
860 2242 965 2309 jam
1001 2240 1276 2303 monuimus
1311 2241 1360 2292 id
1397 2243 1456 2293 ah
1496 2260 1554 2293 eo
1593 2243 1800 2305 factum,
1838 2251 1893 2291 ut

88 2325 291 2394 quisque
338 2326 638 2396 intelligeret
677 2324 1072 2396 jurisdictionem
1097 2324 1254 2377 ‘Petri
1300 2344 1360 2377 ae
1404 2343 1746 2378 successorum
1786 2329 1892 2396 ejus

89 2427 187 2461 non
225 2411 435 2480 pendere
471 2411 531 2462 ab
571 2411 776 2462 aliorum
804 2413 919 2480 jure
957 2421 1007 2462 et
1031 2428 1311 2476 consensu,
1344 2411 1556 2462 ‘aliorum
1595 2430 1715 2464 vero
1734 2411 1894 2481 juris-

89 2494 345 2547 dictionem
385 2494 533 2547 etiam
569 2496 621 2547 in
659 2496 865 2548 concilio
901 2496 954 2547 in
989 2496 1180 2549 unitate
1217 2514 1323 2549 cum
1353 2499 1468 2568 jure
1506 2495 1648 2549 Petri
1688 2515 1746 2549 ac
1783 2514 1894 2549 suc-

91 2597 340 2632 cessorum
379 2582 485 2651 ejus
541 2581 719 2633 debere
758 2581 1047 2633 consistere.
1125 2579 1312 2634 Confer
1348 2582 1476 2634 dicta
1515 2601 1620 2652 cap.
1665 2584 1713 2633 1.
1753 2582 1800 2649 ἕ.
1840 2582 1892 2633 4.

85 2663 222 2716 Haec
259 2683 358 2717 non
412 2664 865 2719 animadverterunt
900 2667 1065 2736 procul
1103 2667 1273 2731 dubio,
1342 2667 1426 2737 qui
1475 2670 1558 2738 jus
1613 2668 1893 2720 tribuerunt

88 2747 348 2819 Episcopis
401 2750 717 2819 congregatis
770 2750 822 2802 in
880 2752 1070 2821 synodo
1127 2770 1274 2823 supra
1332 2762 1382 2805 et
1435 2763 1608 2805 contra
1663 2753 1893 2805 Summos

91 2831 383 2896 PontificeS,
421 2851 480 2885 ac
515 2835 750 2903 ejusmodi
786 2838 1004 2905 synodos
1040 2856 1159 2890 vere
1196 2838 1537 2890 oecumenicas
1575 2857 1893 2909 praesumen-

91 2928 184 2978 teS,
222 2918 318 2971 vim
358 2917 539 2970 eisdem
575 2930 897 2973 asseruerunt
933 2922 985 2972 in
1023 2940 1139 2986 eoS,
1178 2923 1261 2991 qui
1297 2923 1469 2991 cuique
1507 2923 1713 2995 Synodo
1753 2943 1894 2995 supe-

90 3004 250 3056 riores
297 3013 436 3068 sunt,
495 3022 586 3056 nec
629 3004 680 3058 vi
727 3005 945 3075 ipsarum
994 3007 1215 3060 coactive
1263 3019 1470 3078 possunt
1518 3011 1750 3073 subesse,
1803 3009 1898 3061 nisi

92 3088 390 3159 superiorem
427 3088 678 3141 inferioris
706 3092 821 3160 jure
856 3109 1003 3161 posse
1027 3093 1269 3163 adstringi
1294 3103 1440 3147 antea
1466 3095 1716 3165 probetur.
1766 3093 1896 3146 Pro-

93 3191 354 3242 sequamur
390 3174 770 3245 explicationem
807 3176 1129 3229 decretorum.

234 3258 310 3310 9.»
361 3257 418 3310 In
464 3261 662 3313 decreto
719 3261 958 3314 sessionis
1013 3272 1218 3331 quartae
1273 3273 1322 3316 et
1375 3264 1427 3315 in
1488 3264 1643 3335 primo
1695 3265 1896 3333 quintae

93 3342 327 3394 statuitur
378 3345 706 3413 jurisdictioni
773 3347 1020 3416 generalis
1075 3349 1282 3419 synodi,
1349 3367 1474 3419 quae
1535 3351 1812 3403 innnediate
1869 3369 1897 3402 a

94 3425 292 3479 Christo
332 3438 424 3492 est,
463 3431 723 3498 quemlibet
760 3435 1086 3503 cujuscunque
1113 3435 1292 3503 gradus
1319 3445 1368 3488 et
1393 3436 1665 3506 di'gnitatiS,
1705 3436 1896 3489 etiamsi

154 3519 197 3553 Ρ.
230 3519 377 3553 Baller.
411 3520 457 3554 de
490 3522 688 3557 Potestate
721 3528 793 3559 etc.
1517 3523 1552 3574 8
