2326 3854
675 242 841 250 -—-
938 172 1067 266 153¹
1145 235 1317 247 --

93 399 235 450 quam
273 380 448 433 fuisset
483 378 754 430 ultimatum
793 385 844 429 et
877 373 1148 440 infallibile,
1186 372 1263 426 cui
1297 370 1534 424 haeretici
1568 388 1668 423 uon
1691 382 1895 442 possent

92 467 329 520 resistere
366 475 416 518 et
453 481 722 535 reponere,
771 479 825 514 se
862 460 1074 511 nondum
1110 467 1274 511 certos
1311 456 1588 510 haereticos
1626 473 1767 517 esse,
1803 475 1894 510 nec

92 571 122 604 a
171 569 378 622 corpore
422 548 678 602 Ecclesiae
728 545 1009 617 praecisos5
1051 542 1278 612 quamdiu
1338 561 1368 595 a
1413 541 1635 613 generali
1689 540 1894 595 concilio

94 636 313 687 ultimum
350 643 401 687 et
435 632 689 686 infallibile
717 629 949 701 judicium
997 647 1096 680 non
1132 628 1355 699 prodeat.
1428 625 1482 680 Id
1518 644 1666 698 porro
1704 627 1758 678 in
1794 624 1838 678 F
1842 645 1894 679 e-

91 719 266 772 bronio
310 727 450 770 tanto
503 715 903 769 incohaerentius
951 713 1219 778 videbitur,
1277 712 1322 765 si
1375 712 1740 766 animadvertas
1785 730 1895 765 eam

91 803 363 874 Augustini
396 802 710 866 sententiam,
747 819 843 870 qua
879 798 1216 853 necessarium
1245 798 1406 855 ¹fuisse
1443 797 1646 868 negavit
1682 798 1743 849 ad
1780 815 1896 868 pro-

90 889 328 959 fligandas
363 887 594 940 haereses
632 886 866 957 generale
892 883 1168 948 concilium,
1205 883 1265 935 ab
1298 882 1405 953 ipso
1429 881 1682 934 Febronio
1719 881 1899 934 ibidem

92 973 333 1044 explicari
369 973 428 1025 de
475 972 760 1024 haeresibus
806 971 919 1022 olim
965 968 1209 1022 damnatis
1251 967 1304 1019 in
1356 967 1740 1039 particularibus
1777 985 1898 1037 syn-

92 1058 215 1123 odis,
255 1058 345 1110 hac
382 1056 577 1109 ratione
602 1056 791 1108 addita:
831 1056 916 1107 Ea
951 1058 1138 1106 etenim
1162 1072 1367 1122 semper
1396 1057 1509 1121 fuit
1538 1055 1901 1105 Ecclesiam-um

90 1148 229 1196 inter
276 1161 331 1195 se
379 1146 602 1194 societas
657 1148 708 1192 et
759 1141 1076 1199 concordia,
1129 1156 1491 1206 canonumque
1546 1145 1599 1190 et
1649 1141 1901 1207 definitae

93 1231 368 1281 doctrinae
406 1228 554 1295 apud
587 1243 762 1277 omnes
798 1226 1088 1276 auctoritas
1134 1229 1187 1274 et
1213 1223 1408 1290 'religio
1446 1228 1621 1283 tanta,
1664 1230 1724 1274 at
1758 1225 1904 1291 quod

93 1315 294 1387 synodo
331 1314 512 1380 aliqua
548 1312 882 1374 constitutam
916 1310 1124 1375 uspiam
1158 1314 1319 1367 esset,
1364 1308 1504 1358 idem
1540 1308 1681 1359 aliae
1719 1308 1902 1360 Eccle-

91 1402 202 1450 siae
238 1398 339 1449 sibi
364 1414 474 1464 pro
510 1413 571 1447 re
607 1401 737 1446 nata
771 1395 1079 1445 imitandum
1116 1399 1168 1444 et
1195 1394 1407 1459 pariter
1443 1395 1775 1445 statuendum
1811 1395 1901 1444 du-

92 1489 298 1541 cerent,
341 1484 457 1537 sive*
497 1472 757 1548 expressa
792 1480 1175 1537 consensione,
1229 1476 1409 1528 SIVE
1461 1476 1737 1529 TACITA
1780 1476 1901 1528 AP-

97 1564 622 1618 PROBATJONE.
693 1562 829 1615 Num
863 1561 948 1614 ubi
990 1561 1155 1631 agitur
1189 1561 1248 1613 de
1285 1559 1646 1613 definitionibus
1682 1561 1900 1632 particu-

94 1651 271 1704 larium
308 1649 634 1721 synodorum‚
682 1649 745 1700 ad
778 1646 1158 1719 peremptoriam
1202 1646 1412 1698 istarum
1446 1645 1574 1711 vim,
1621 1665 1747 1716 quae
1784 1665 1901 1699 con-

96 1736 319 1790 ciliorum
371 1733 673 1804 generalium
734 1731 1084 1786 necessitatem
1140 1731 1454 1795 excluderet,
1512 1732 1739 1785 sufficere
1793 1749 1903 1785 cre-

95 1821 213 1873 didit
253 1838 359 1872 non
406 1829 510 1872 tam
559 1834 872 1888 expressus.
921 1834 1065 1886 quam
1115 1819 1306 1869 tacitus
1341 1814 1600 1869 Ecclesiae
1650 1817 1903 1888 dispersae

18 1965 21 1977 Ι
96 1891 384 1972 consensus,
422 1921 566 1972 quem
603 1921 759 1973 agens
797 1903 856 1955 de
893 1901 1254 1955 definitionibus
1291 1899 1568 1955 Pontificiis
1603 1902 1904 1955 insufficien-

93 2000 192 2043 tem
243 1982 536 2058 declaravit,
585 1987 683 2040 nisi
725 2004 970 2059 expresso
1013 1986 1264 2057 generalis
1312 1986 1505 2051 concilii
1551 1987 1750 2040 decreto
1787 2005 1904 2058 pro-

92 2075 330 2127 baretur?
952 2084 957 2087 ⁸

237 2160 288 2211 5.
361 2158 512 2211 Aliud
572 2178 694 2214 vero
743 2157 903 2211 minus
965 2158 1238 2211 cohaerens
1297 2158 1351 2210 in
1399 2158 1616 2229 ejusdem
1664 2156 1905 2212 Febronii

96 2262 244 2315 opere
281 2244 534 2297 detexisse
580 2244 698 2296 mihi
740 2244 930 2298 videor.
1013 2242 1269 2295 Hactenus
1317 2241 1906 2297 consensum‘Ecclesiae
1930 2278 1935 2285 ι

96 2329 347 2400 dispersae
381 2328 686 2399 Apostolicis
733 2327 1094 2389 definitionibus
1139 2327 1352 2379 additum
1401 2328 1460 2379 ad
1513 2329 1750 2382 finiendas
1788 2347 1906 2382 con-

98 2412 375 2467 troversias
410 2413 519 2465 fidei
555 2431 644 2483 per
690 2431 746 2465 se
791 2413 952 2464 minus
1009 2422 1179 2483 aptum
1220 2412 1481 2477 indicavit,
1530 2414 1640 2466 dum
1671 2415 1903 2485 judicium

98 2517 186 2551 seu
222 2515 514 2551 consensum
552 2496 854 2550 oecumenici
877 2497 1070 2550 concilii
1095 2497 1370 2566 requisivit.
1445 2496 1578 2550 Num
1603 2518 1726 2553 vero
1750 2499 1907 2570 ipsius

97 2583 397 2636 oecumenici
436 2584 627 2636 concilii
665 2583 1006 2636 auctoritatem
1045 2601 1134 2654 per
1192 2601 1247 2636 se
1284 2584 1510 2638 sufficere
1557 2585 1762 2637 credidit
1800 2585 1908 2637 sine

96 2669 196 2721 ullo
219 2666 477 2722 Ecclesiae
513 2669 766 2739 dispersae
803 2670 1081 2722 consensu?
1118 2666 1255 2720 Nihil
1285 2664 1472 2721 minus:
1512 2669 1748 2738 siquidem
1772 2670 1908 2740 ipsas

97 2754 356 2823 generales
394 2754 614 2823 synodos
659 2753 878 2824 legitime
915 2763 1212 2807 convocatas
1228 2791 1243 2817 ‚
1294 2750 1560 2823 earumque
1599 2756 1908 2808 definitiones

98 2837 313 2906 legitime
350 2837 508 2889 editas
545 2837 606 2888 ad
639 2837 755 2890 fidei
772 2838 1012 2890 unitatem
1049 2857 1150 2891 non
1175 2839 1433 2903 absolute.
1453 2840 1540 2892 sed
1576 2841 1909 2892 conditionate

98 2922 432 2974 tantummodo
493 2938 672 2991 cogere
707 2922 942 2974 'affirmat
1001 2922 1172 2992 (lhid.-
1198 2941 1249 2974 n.
1303 2924 1388 2976 13.
1437 2942 1552 2995 pag.
1598 2923 1764 2994 ν21Ξ.))ε
1846 2927 1908 2977 Si

97 3027 280 3075 nempe
336 3008 528 3058 Patres
587 2999 812 3075 leyi'time
864 3011 1139 3060 convocati
1188 3012 1243 3058 in·
1300 2984 1360 3060 do
1410 3007 1678 3078 (concilio)
1742 3015 1816 3062 ita
1855 3031 1909 3062 se

95 3096 377 3161 yesserint,
423 3099 482 3143 at
515 3094 625 3143 dici
660 3092 883 3143 debeant
935 3101 1341 3161 repraesentare
1387 3101 1550 3146 totam
1588 3097 1907 3146 Ecclesiam.-

100 3168 245 3246 and
268 3177 347 3229 ⁴an
384 3181 459 3228 ita
485 3180 551 3229 de
574 3182 725 3245 facto
752 3181 835 3237 sit,
872 3180 1116 3230 declarat
1139 3182 1358 3246 aynz'tio,
1393 3198 1484 3231 seu
1513 3180 1619 3229 RE
1627 3180 1908 3231 CEPTIO

102 3250 541 3313 EG‘GLESIAE.
615 3260 704 3312 Ex
741 3263 848 3313 sola
893 3262 1045 3331 igitur
1083 3262 1399 3315 conciliorum
1448 3264 1908 3333 generaliumdefi-

101 3345 288 3398 uitione
323 3362 424 3397 non
459 3347 618 3399 oritur
645 3347 868 3399 absoluta
904 3347 980 3402 vis
1019 3347 1243 3402 coactiva
1277 3349 1339 3400 ad
1375 3348 1632 3413 unitatem,
1671 3350 1755 3402 sed
1794 3351 1908 3402 sub-

105 3448 316 3500 sequens
351 3428 606 3485 Ecclesiae
655 3437 915 3502 receptio,
966 3451 1054 3486 seu
1103 3451 1375 3487 consensus
1431 3444 1689 3505 praeterea
1735 3453 1908 3489 ueces-
