2326 3854
913 180 1082 189 ---
1177 148 1573 204 232——

310 321 491 378 natur,
529 314 699 388 utique
735 314 787 368 in
826 314 1075 369 conciliis:
1115 314 1385 369 occasione
1422 315 1557 369 enim
1593 313 1949 371 Antiochenae
1983 320 2162 392 synodi

311 402 436 457 haec
474 405 650 476 regula
696 401 1004 475 producitur.
1093 396 1339 468 Quamvis
1386 401 1466 456 hic
1504 400 1738 457 Socratis
1785 413 1962 458 textus
1999 408 2164 462 multis

308 491 572 546 materiem
610 488 799 545 dederit
838 487 1146 560 disputandi,
1187 499 1390 544 constat
1425 490 1750 544 nihilominus
1787 491 1916 546 hanc
1941 494 2166 564 regulam

311 597 427 633 esse
464 580 609 636 valde
646 577 930 648 antiquam,
970 585 1021 629 et
1057 575 1504 633 Pseudo-Isidoro
1521 580 1699 659 ‘multo
1738 579 2077 647 anteriorem,
2116 591 2167 635 et

311 667 441 739 apud
476 667 614 739 ipsos
646 665 875 720 Graecos
895 664 1182 737 vulgatam,
1222 676 1273 720 et
1310 686 1340 720 a
1367 665 1583 722 Socrate
1614 677 1898 740 receptam,
1939 668 2163 739 quiante

312 750 776 808 Chalcedonensem
814 754 1063 826 synodum
1100 753 1322 825 scripsit.
1398 753 1533 808 Idem
1569 754 1866 828 principium
1903 753 2014 808 aliis
2051 755 2168 810 licet

308 839 479 895 verbis
517 841 700 914 repetit
735 841 866 895 idem
904 839 1147 895 Socrates
1195 842 1282 895 lib.
1323 843 1374 896 2.
1415 861 1526 915 cap.
1568 843 1655 899 17.
1707 853 1758 897 et
1793 842 1978 915 legitur
2017 842 2169 896 etiam

309 927 437 999 apud
485 925 826 983 Sozomenum
875 929 960 982 lib.
1001 929 1053 983 3.
1104 948 1212 1002 cap.
1256 929 1367 993 10.
1417 928 1508 982 Ex
1546 940 1761 1001 utroque
1808 940 1973 984 autem
2012 931 2169 1001 liquet

312 1015 441 1069 hanc
478 1018 706 1088 regulam
756 1017 1020 1071 deductam
1056 1016 1216 1071 fuisse
1268 1036 1338 1072 ex
1374 1016 1496 1073 Julii
1533 1016 1575 1071 Ι.
1633 1017 1845 1090 epistola
1884 1019 1946 1071 ad
1983 1016 2168 1073 Orien-

310 1103 442 1157 tales
480 1103 793 1160 Antiocheni
830 1103 1056 1172 concilii,
1095 1105 1148 1158 in
1187 1125 1285 1177 qua
1323 1115 1629 1176 conquestus
1668 1106 1728 1160 de
1764 1103 2168 1160 Eusebianorum

312 1189 651 1246 Orientalium
688 1193 926 1267 synodiS‚
978 1211 1009 1246 a
1057 1193 1236 1264 quibus
1274 1192 1334 1247 S.
1371 1193 1688 1248 Athanasius
1733 1194 2019 1248 inconsulto
2058 1192 2169 1247 Ro·
2260 1233 2261 1237 ,

308 1298 460 1333 mano
498 1279 749 1336 Pontifice
788 1281 1042 1354 depositus
1081 1282 1264 1348 fuerat,
1304 1281 1402 1334 ait:
1444 1281 1531 1334 An
1569 1286 1836 1352 iynoratis
1875 1283 2018 1334 hanc
2056 1300 2169 1335 esse

309 1371 773 1431 consuetudinem,
820 1377 883 1422 ut
920 1371 1158 1438 primum
1205 1370 1359 1422 nobis
1405 1370 1702 1432 scribatur,
1749 1377 1802 1423 et
1848 1370 1975 1423 hinc
2023 1372 2172 1439 quod

291 1460 503 1527 justum
544 1464 625 1510 est
658 1460 1024 1510 decernatur?
1058 1451 1205 1522 Quod
1242 1455 1324 1510 hic
1359 1455 1523 1511 Julius
1563 1456 1836 1512 affirmavit
1872 1456 1933 1510 de
1959 1456 2168 1527 synodis

311 1539 569 1611 OrientiS,
625 1549 738 1597 dum
779 1553 1018 1615 ageretur
1057 1543 1117 1597 de
1147 1543 1335 1616 judicio
1394 1553 1574 1598 contra
1610 1543 1998 1598 Alexandrinae
2035 1543 2170 1597 sedis

308 1627 644 1704 Episcopum,
682 1630 925 1686 Socrates
978 1641 1030 1685 et
1067 1629 1384 1686 Sozomenus
1422 1631 1708 1703 generatim
1759 1631 1820 1684 de
1870 1630 2172 1701 quibuslibet

307 1719 697 1790 particularibus
737 1719 950 1792 synodis
989 1718 1328 1791 accipiendum
1366 1728 1628 1792 putarunt.
1703 1717 1836 1772 Huic
1863 1718 2000 1791 juri,
2039 1719 2171 1789 quod

308 1804 476 1860 Julius
515 1808 622 1862 sedi
658 1807 988 1880 Apostolicae
1025 1807 1213 1861 asserit
1261 1827 1333 1862 ex
1369 1808 1785 1868 consuetudine,
1826 1807 2170 1878 suffragantur

308 1892 500 1966 pariter
543 1905 692 1967 gesta
737 1895 865 1949 alius
914 1894 1214 1951 vetustioris
1251 1894 1598 1949 Alexandrini
1633 1892 1874 1967 Episcopi
1910 1893 2170 1968 Dionysii,

310 1981 425 2051 qui,
484 1991 541 2035 ut
596 1984 794 2040 notavit
842 1982 908 2037 P..
966 1980 1303 2038 Constantius
1361 1982 1446 2056 (in
1497 2002 1575 2055 ep.
1620 1982 1669 2035 l.
1723 1980 1846 2037 Julii
1894 1984 1990 2037 col.
2041 1982 2167 2037 386.

309 2080 419 2123 not.
458 2070 567 2143 e.),
619 2090 730 2126 cum
766 2072 820 2124 in
867 2071 1206 2144 suspicionem
1251 2070 1479 2126 venisset
1517 2071 1819 2135 haereseoS,
1871 2069 1931 2121 ad
1969 2068 2169 2141 Diony-

309 2157 440 2211 sium
476 2157 672 2231 Papam
710 2159 936 2224 delatus,
976 2176 1090 2212 sese
1127 2176 1348 2230 purgare
1386 2176 1490 2210 non
1527 2156 1736 2210 distulit.
1815 2152 1963 2223 Quod
2001 2164 2169 2210 autem

308 2247 441 2300 idem
486 2244 823 2301 Constantius
870 2246 1064 2312 subdit,
1125 2245 1220 2299 hoc
1267 2244 1598 2317 Apostolicae
1645 2244 1779 2306 sedis
1826 2243 2042 2316 speciale
2081 2245 2169 2316 jus

307 2348 460 2406 posse
509 2334 692 2390 referri
748 2334 810 2387 ad
846 2332 1237 2388 Alexandrinae
1283 2331 1550 2387 Ecclesiae
1607 2331 1885 2403 originem,
1947 2351 2076 2403 quae
2112 2330 2169 2386 S.

308 2419 543 2477 Marcum
582 2421 640 2477 S.
680 2421 830 2476 Petri
885 2421 1175 2494 discipulum
1224 2421 1540 2476 fundatorem
1579 2421 1778 2486 habuit,
1825 2439 1928 2473 non
1965 2420 2168 2473 omnino

307 2510 616 2582 probandum
655 2520 763 2564 est:
808 2509 940 2564 idem
991 2509 1124 2563 enim
1154 2512 1242 2582 jus
1292 2509 1492 2563 ratione
1530 2506 1744 2579 originis
1792 2507 2028 2579 competit
2065 2526 2169 2560 non

311 2598 472 2650 solum
517 2597 572 2650 in
609 2597 1026 2664 Alexandrinae,
1076 2598 1165 2651 sed
1203 2597 1356 2651 etiam
1392 2595 1445 2648 in
1482 2594 1837 2648 Antiochenae
1874 2593 2008 2646 sedis
2044 2592 2171 2665 Epi-

310 2702 518 2757 scopOS,
571 2704 720 2754 quam
766 2685 898 2738 idem
937 2681 994 2738 S.
1043 2682 1234 2737 Petrus
1282 2682 1538 2748 fundavit,
1602 2681 1733 2735 sicut
1789 2690 1841 2734 et
1887 2680 1943 2732 in
1993 2699 2167 2734 omnes

308 2768 598 2825 Occidentis
635 2770 914 2837 EcclesiaS‚
954 2789 1082 2841 quae
1120 2789 1163 2834 a
1188 2771 1307 2825 sede
1341 2769 1640 2842 Apostolica
1676 2768 1864 2822 habent
1900 2768 2168 2840 originem,

307 2869 365 2911 ut
408 2858 735 2914 Innocentius
772 2858 813 2913 Ι.
867 2857 1042 2932 (epist.
1097 2859 1161 2913 ad
1210 2857 1427 2912 Decent.
1486 2877 1530 2912 c.
1574 2857 1652 2927 l.)
1703 2855 1935 2929 prodidit.
2024 2854 2167 2910 Vera

309 2956 477 3000 autem
515 2966 575 3001 ac
611 2942 871 3020 generalis
914 2948 1060 3019 hujus
1099 2946 1489 3020 praerogativae
1544 2944 1677 2998 ratio
1717 2962 1788 2999 ex
1840 2943 2058 3016 primatu
2094 2943 2167 2995 di-

261 3065 263 3067 ·
307 3034 468 3089 vinae.
496 3034 833 3088 institutionis
873 3045 953 3089 est
991 3034 1303 3099 deducenda,
1342 3052 1439 3104 quo
1478 3031 1702 3086 Romani
1738 3030 2016 3085 Pontifices
2053 3048 2165 3084 suc-

309 3139 542 3175 cessores
580 3120 637 3176 S.
678 3121 826 3177 Petri
861 3123 914 3175 in
953 3123 1179 3194 singulas
1227 3131 1333 3174 tum
1370 3118 1778 3184 PatriarchaleS‚
1828 3128 1933 3171 tum
1969 3116 2167 3170 Metro-

308 3208 567 3279 politicaS,
606 3220 712 3263 tum
750 3209 1081 3284 Episcopales
1121 3208 1266 3263 sedes
1298 3207 1700 3282 jurisdictionem
1737 3205 1981 3259 obtinent.

456 3294 615 3350 Ratio
656 3304 813 3364 sane,
862 3317 1011 3368 quam
1047 3316 1140 3369 pro
1189 3315 1313 3350 suae
1349 3295 1483 3350 sedis
1513 3296 1629 3367 jure
1663 3291 1997 3366 praemiserat
2034 3292 2165 3345 idem

308 3382 471 3438 Julius
509 3383 563 3438 in
611 3405 767 3440 causa
805 3384 1082 3439 Athanasii
1128 3385 1440 3455 aliorumque
1461 3423 1476 3449 ,
1531 3372 1655 3452 quos
1692 3378 1972 3432 Eusebiani
2009 3379 2165 3450 impe-

310 3471 560 3539 tiverant,
622 3474 698 3528 his
760 3473 931 3529 verbis
992 3471 1324 3545 exprimitur:
1405 3471 1663 3542 oportuit
1713 3470 1953 3522 omnibus
2011 3468 2163 3520 nobis
