2326 3854
686 240 851 247 ww„-
947 206 1027 264 79
1128 236 1279 243 “w

88 380 424 447 prudentiam
463 383 710 434 vestram,
760 374 853 425 sed
890 388 1197 423 eoecusamus
1243 370 1593 420 innocentiam
1639 376 1889 428 nostram3

92 467 216 532 quia
255 471 307 515 et
336 462 666 530 principales
705 459 976 511 Ecclesiae
1014 457 1186 508 claves
1221 455 1460 506 nolumus
1492 460 1755 520 potestate
1795 473 1890 504 sua

85 551 330 616 privare,
367 562 705 616 quaecunque
735 560 973 610 persona
1009 543 1146 593 vices
1187 540 1342 591 Petri
1378 540 1600 598 habeat,
1647 541 1753 590 nisi
1787 557 1888 588 ma-

91 636 278 700 nifeste
315 632 380 684 ab
418 630 740 697 Evanyeliea
776 628 993 678 veritate
1041 626 1292 677 discedat.
1366 621 1507 675 Haud
1553 623 1709 693 eredo
1735 622 1888 676 Joan-

92 734 219 780 uem,
258 730 344 769 seu
379 710 714 775 Jotserauum‚
753 709 835 779 qui
871 726 970 760 nou
1007 709 1163 760 solum
1189 706 1537 778 Lugdunensis
1575 717 1684 761 erat
1706 707 1888 760 Archi-

85 800 362 871 episeopus,
395 815 566 852 verum
603 795 752 869 etiam
789 793 1051 846 Pontifieia
1089 791 1371 863 Legatione
1409 794 1718 863 fungebatur,
1757 792 1890 861 quie-

92 903 232 953 quam
268 893 463 937 tentare
499 881 716 936 voluisse
752 880 803 931 in
849 896 1113 951 personam
1150 876 1437 942 Pontificis‚
1482 878 1568 930 sed
1605 887 1794 930 tantum
1833 877 1890 929 de

91 968 370 1039 privilegio,
426 967 551 1037 quod
599 974 850 1019 extortum
897 965 1087 1027 fuerat,
1125 962 1358 1034 judicium
1410 981 1439 1014 a
1474 962 1754 1017 Viennensi
1791 981 1891 1014 uon

91 1052 321 1105 dissimile
371 1052 604 1104 edendum
651 1060 877 1122 putasse,
926 1067 1020 1117 quo
1059 1047 1204 1118 Papa
1250 1048 1307 1099 ad
1359 1047 1725 1101 revocationem
1773 1062 1890 1100 eon-

84 1138 268 1210 junetis
321 1155 428 1190 eum
472 1135 750 1191 Viennensi
794 1134 1000 1186 stimulis
1058 1133 1408 1202 impelleretur.
1506 1132 1580 1182 At
1642 1132 1768 1183 ratio
1831 1134 1890 1185 ab

90 1222 240 1276 Ivone
278 1222 425 1274 allata
462 1220 748 1292 principium
799 1219 1082 1288 comprobat
1131 1217 1258 1285 quod
1298 1216 1599 1280 statuimus,
1646 1217 1889 1269 neminem

90 1306 444 1377 Episcoporum
465 1305 758 1374 'nullumque
808 1302 1062 1356 concilium
1100 1301 1193 1353 sibi
1231 1320 1472 1371 arrogare
1509 1320 1684 1372 posse,
1732 1321 1890 1371 neque

90 1392 180 1444 hae
204 1389 209 1391 ”
233 1409 323 1443 nee
377 1387 662 1459 quacunque
720 1388 815 1441 alia
870 1388 927 1439 de
982 1404 1131 1439 eausa
1184 1404 1444 1456 personam
1490 1385 1747 1440 Pontifieis
1801 1406 1891 1440 sua

90 1475 379 1529 auctoritate
416 1492 474 1528 ae
511 1475 750 1545 dignitate
787 1470 1014 1543 spoliare,
1052 1471 1166 1540 quia
1200 1472 1358 1523 nullus
1394 1471 1488 1542 ipsi
1525 1472 1750 1542 superior
1787 1483 1889 1524 est:

91 1560 166 1613 eui
202 1560 384 1612 rationi
431 1578 539 1611 eum
575 1558 626 1610 in
663 1558 984 1628 responsione
1035 1556 1160 1609 satis
1196 1557 1394 1627 prolixa
1434 1558 1494 1609 ad
1528 1555 1726 1611 Ivonem
1764 1558 1890 1610 idem

91 1644 532 1715 ArchiepiseopuS‚
579 1643 660 1712 qui
697 1642 907 1705 ceteris,
958 1651 1013 1692 ut
1049 1642 1235 1712 potuit,
1276 1643 1553 1712 respondit,
1591 1642 1710 1694 nihil
1747 1661 1881 1713 repo-

93 1729 272 1794 suerit3
321 1729 517 1781 eandem
558 1728 681 1780 satis
721 1738 902 1780 certam
942 1736 991 1778 et
1027 1726 1132 1797 ipse
1170 1728 1463 1797 cognovisse
1498 1727 1709 1781 videtur.
1781 1727 1891 1779 No-

91 1814 239 1865 tauda
278 1823 435 1865 autem
475 1813 721 1883 exceptio,
759 1831 854 1881 qua
891 1830 950 1864 eo
976 1812 1081 1863 solo
1108 1830 1228 1864 easu
1251 1830 1398 1883 posse
1422 1813 1604 1883 privari
1643 1822 1890 1883 potestate

92 1898 299 1951 clavium
336 1897 492 1967 ipsum
529 1896 820 1950 Pontificem
855 1897 1031 1962 innuit,
1069 1902 1116 1950 si
1150 1902 1424 1966 manifeste
1463 1900 1528 1950 ab
1567 1900 1891 1967 Evanyelica

92 1987 306 2035 veritate
365 1984 632 2041 discedat3'
689 1981 914 2033 nimirum
963 1984 1024 2034 oh
1081 1983 1304 2035 haeresis
1353 1983 1642 2035 manifestae
1687 1983 1889 2046 crimen,

91 2086 185 2135 quo
234 2085 339 2120 eum
387 2086 416 2119 a
451 2065 749 2119 Pontificatu
793 2066 901 2137 ipso
950 2068 1079 2119 facto
1129 2064 1356 2120 decidens
1402 2067 1644 2120 Pontifex
1688 2067 1891 2138 amplius

90 2170 188 2204 uon
225 2162 373 2216 esset,
411 2151 530 2203 nihil
566 2150 739 2202 mirum
778 2151 821 2203 si
856 2153 1105 2222 subjectus
1143 2151 1366 2215 coneili0‚
1402 2161 1650 2222 potestate
1687 2153 1891 2206 clavium

93 2237 318 2307 spoliari,
369 2254 454 2288 seu
490 2235 650 2305 potius
687 2234 890 2304 spolitus
928 2246 1074 2305 atque
1119 2236 1368 2306 depositus
1416 2247 1585 2306 posset
1629 2237 1890 2301 declarari,

91 2329 144 2371 nt
181 2320 396 2390 pluribus
431 2320 756 2390 explicabitur
792 2338 836 2371 e.
873 2320 923 2373 9.
962 2321 1008 2387 ξ.
1047 2323 1097 2373 ⁶2.

235 2406 318 2458 16.
391 2404 611 2458 Eandem
679 2404 1043 2475 exemptionem
1110 2424 1408 2458 summorum
1472 2405 1764 2457 Pontificum
1832 2407 1889 2458 ab

93 2489 302 2540 omnium
342 2490 586 2541 hominum
632 2489 815 2559 judicio
866 2491 1119 2542 confessus
1172 2500 1249 2542 est
1295 2490 1442 2543 etiam
1477 2490 1762 2561 Philippus,
1811 2491 1892 2559 qui

94 2573 152 2625 de
186 2573 389 2644 imperio
427 2575 650 2627 cer-tabat
699 2593 805 2627 eum
843 2573 1057 2627 Ottone:
1107 2575 1179 2627 sie
1226 2575 1354 2627 enim
1402 2576 1599 2646 scripsit
1647 2576 1707 2627 ad
1744 2575 1892 2628 luno-

95 2658 302 2710 eentium
337 2657 416 2710 III.
455 2659 506 2710 iu
543 2659 750 2729 epistola
786 2659 910 2728 apud
946 2658 1259 2730 Raynaldum
1306 2679 1382 2714 an.
1426 2661 1579 2713 1206.
1630 2678 1762 2711 num.
1806 2661 1887 2714 16.

102 2743 162 2792 Si
196 2761 290 2793 nos
327 2746 382 2793 in
423 2747 601 2812 aliquo
649 2764 767 2804 vos,
814 2746 899 2795 vel
935 2744 1226 2797 Romanam
1267 2747 1563 2798 Ecclesiam
1611 2749 1892 2815 offendisse

97 2828 389 2886 videamur,
421 2846 516 2880 nos
532 2848 638 2897 pro
668 2830 871 2880 honore
900 2829 1121 2885 Domini
1137 2834 1309 2882 nostri
1331 2833 1459 2883 Jesu
1492 2832 1705 2890 Christi,
1742 2837 1891 2902 cujus

99 2914 254 2962 vicem
277 2914 332 2961 in
367 2915 524 2963 terris
559 2916 770 2980 yeritis,
810 2919 861 2964 et
897 2913 960 2963 ob
997 2919 1339 2967 reverentiam
1378 2916 1450 2966 B.
1493 2917 1646 2967 Petri
1683 2917 1892 2968 Princi-

90 2999 178 3063 pis
200 2994 590 3063 Apostolorum,
627 3002 776 3066 quus
812 2999 1041 3049 vicarius
1067 3001 1207 3066 estis,
1247 3006 1298 3051 et
1332 3001 1396 3050 ob
1417 3002 1637 3052 salutem
1656 3008 1894 3054 nostram

96 3074 191 3132 nos
211 3083 284 3131 ad
300 3083 730 3148 satisfaciendum
747 3082 889 3132 vobis
907 3087 1261 3150 supponimus.
1306 3085 1369 3135 Si
1385 3102 1511 3135 vero
1527 3103 1618 3136 vos
1639 3088 1693 3135 in
1713 3087 1892 3152 aliquo

98 3185 193 3217 nos
211 3169 295 3218 vel
311 3170 586 3235 imperium
609 3169 821 3218 laesisse
843 3167 1090 3217 videmini
1099 3187 1116 3227 3
1144 3171 1493 3219 conscientiae
1512 3175 1714 3219 vestrae
1734 3187 1892 3235 super

100 3254 163 3302 iis
200 3270 288 3303 vos
332 3255 688 3320 relinquimus.
773 3251 900 3302 Cum
939 3254 1072 3301 enim
1117 3270 1214 3302 nos
1246 3254 1337 3318 pie
1375 3254 1648 3303 credamus
1687 3260 1739 3303 et
1773 3260 1892 3304 ante

94 3338 394 3401 passionem
430 3344 482 3388 et
496 3344 624 3404 post
639 3339 945 3404 passionem
970 3337 1253 3387 Dominum
1274 3343 1508 3387 nostrum
1534 3338 1710 3390 Jesum
1732 3338 1891 3388 'Chri-

102 3426 231 3471 stum
252 3420 324 3471 B.
359 3421 523 3472 Petro
547 3423 719 3493 claves
747 3425 899 3488 reyni
923 3422 1188 3472 caelorum
1216 3423 1515 3480 contulisse,
1542 3429 1592 3474 et
1609 3425 1892 3474 tradidisse
