2326 3854
1004 180 1178 187 —
1277 147 1398 204 106
1497 182 1664 188 Μ

998 485 1413 560 CAPUT
1480 488 1682 562 VIII.

409 647 606 693 Eadem
642 647 847 694 decreta
875 644 1282 692 Con.s·tantz·ensz·a
1312 647 1416 693 alio
1448 652 1653 693 nomine
1682 650 1784 694 vim
1818 654 1868 692 et
1897 653 2260 697 auctoritatem

401 709 815 768 peremptoriam
860 721 962 750 non
1006 705 1216 760 habent,
1260 710 1384 766 quia
1426 723 1529 753 non
1565 708 1784 767 fuerunt
1829 707 1968 753 edita
2011 714 2259 768 tanquam.

410 774 606 812 certum
640 765 827 825 doqma
868 765 1014 824 fidei,
1052 767 1166 820 sed,
1208 772 1269 812 ut
1308 774 1427 813 acta
1463 768 1805 828 praeferunt,
1894 784 1962 812 er
2006 770 2259 815 modum

410 829 946 883 constitutionum
986 826 1424 886 synodalium,
1469 828 1616 888 cujus
1653 828 1831 887 formu
1855 843 1918 873 ae
1947 833 2021 875 vis
2054 830 2260 876 decreta

408 887 627 939 indicat,
675 901 807 944 quae
837 901 940 930 non
983 901 1046 931 ex
1075 885 1203 944 fide,
1251 886 1341 931 sed
1371 902 1434 933 ea·
1463 903 1610 932 mera
1643 891 1882 947 opinione
1913 893 1967 934 in
1999 889 2106 948 ejus
2139 896 2258 934 tem-

406 950 552 1007 poris
577 949 980 992 circumstantiis
997 947 1354 991 constituenda
1368 950 1477 992 visa
1501 954 1621 992 sunt
1635 947 1707 992 ad
1723 948 2006 994 tollendum
2020 949 2257 995 schisma.

407 1005 630 1067 Sinqula
660 1007 868 1055 decreta
899 1021 1141 1068 ecc-pensa,
1173 1013 1226 1052 ct
1253 1013 1504 1066 quatenu-s·
1524 1023 1692 1066 aequa
1716 1011 2142 1069 interpretatione
2173 1025 2256 1058 ex-

400 1067 601 1130 plicari
629 1073 847 1126 queant:
878 1067 1004 1125 quid
1033 1071 1087 1112 in
1118 1070 1244 1127 ipsis
1276 1065 1547 1126 difficilem
1568 1068 1964 1133 explicationem
1977 1068 2135 1128 ferat.
2179 1068 2262 1114 Ex

406 1130 705 1174 necessitate
753 1127 975 1172 remedii
1011 1127 1083 1172 ad
1129 1126 1434 1172 abolendum
1474 1126 1698 1172 schisma
1739 1128 1920 1173 eadem
1968 1132 2142 1189 opinio
2186 1133 2259 1174 in-

499 1188 682 1241 ducta3
725 1193 775 1237 et
803 1193 1055 1246 quatenus
1071 1187 1194 1246 juri
1219 1202 1463 1247 supremo
1493 1203 1814 1236 summorum
1848 1187 2164 1246 Pontificum

900 1254 1121 1308 nequeat
1144 1248 1531 1309 praejudicium
1562 1249 1767 1308 afferre.

555 1368 617 1420 l.·
682 1364 921 1421 Celebn'a
958 1365 1163 1420 decreta
1202 1366 1403 1420 concilii
1443 1364 1859 1421 Constantiensis
1896 1367 1957 1420 de
1992 1366 2043 1422 vi
2081 1375 2133 1420 et
2170 1386 2259 1438 po-

404 1464 591 1508 testate
624 1453 955 1508 >conciliorum
995 1453 1309 1524 generalium
1346 1471 1501 1525 supra
1538 1453 1676 1525 ipsos
1716 1471 1936 1510 summos
1964 1451 2258 1516 Pontificem,

406 1542 583 1613 quibus
622 1539 924 1595 pontificiae
962 1539 1280 1594 auctoritatis
1328 1539 1643 1612 impetitores
1687 1539 1982 1610 ceteroquin
2030 1540 2262 1595 catholici

407 1629 630 1685 maxime
666 1621 968 1693 innituntur,
1007 1628 1061 1683 in
1097 1627 1278 1699 duplici
1314 1627 1547 1691 sessione
1585 1627 1861 1683 constituta
1899 1627 2120 1696 fuerunt,
2158 1627 2259 1699 pri-

405 1736 538 1772 mum
572 1716 803 1770 sessione
840 1725 1041 1786 quarta,
1081 1725 1132 1770 et
1156 1733 1358 1769 rursum
1385 1714 1436 1769 in
1475 1714 1670 1785 quinta.
1726 1716 1785 1772 In
1823 1723 2004 1785 quarta
2029 1713 2261 1774 sessione

405 1806 500 1860 hoe
535 1814 732 1858 tantum
775 1822 839 1857 ea
877 1822 1027 1876 super
1073 1822 1131 1857 re
1152 1875 1155 1876 ⁷
1180 1803 1434 1858 decretum
1484 1804 1738 1875 profertur
1772 1800 1875 1874 (T.
1919 1802 2004 1857 16.
2059 1798 2258 1856 Concil.

405 1893 500 1947 col.
539 1892 628 1946 65.
668 1890 766 1961 e.).

555 1981 713 2033 Haec
774 1986 961 2033 sancta
1021 1982 1257 2049 synodus
1315 1979 1768 2039 Constantiensis,
1820 1980 2080 2047 generale
2138 1996 2259 2030 con-

405 2069 588 2120 cilium
635 2069 852 2135 faciens
904 2086 1015 2135 pro
1075 2068 1445 2134 extirpatione
1487 2063 1796 2134 praesentis
1859 2064 2159 2122 schismatis
2209 2072 2263 2117 et

404 2157 604 2207 unione
641 2172 709 2206 ac
745 2156 1137 2222 reformatione
1164 2154 1444 2208 Ecclesiae
1470 2153 1583 2205 Dei
1618 2156 1674 2205 in
1713 2155 1892 2221 capite
1931 2158 1988 2204 et
2019 2153 2076 2202 in
2110 2169 2260 2205 mem-

405 2244 515 2295 bris
550 2243 752 2312 fienda,
790 2243 866 2293 ad
902 2243 1118 2294 laude-m
1155 2242 1536 2308 omnipotentis
1575 2241 1702 2301 Dei,
1741 2243 1796 2292 in
1828 2241 2043 2309 Spiritu
2072 2244 2259 2293 sancto

406 2334 639 2402 legitime
685 2335 1048 2398 conyreqata,
1096 2329 1173 2380 ad
1219 2328 1649 2396 consequendum
1690 2329 1946 2396 facilius,
2003 2328 2261 2386 securius,

405 2420 625 2471 liberius
666 2423 719 2469 et
753 2417 968 2469 uberius
1006 2419 1257 2468 unionem
1283 2421 1335 2467 et
1358 2417 1802 2483 reformationem
1828 2415 2108 2469 Ecclesiae
2134 2413 2261 2473 Dei,

405 2508 651 2566 ordinat,
685 2506 932 2573 'disponit
967 2502 1062 2575 (al.
1105 2501 1351 2573 diffinit)
1378 2506 1593 2566 statuit,
1642 2504 1886 2555 decernit
1923 2508 1974 2554 et
2009 2501 2262 2558 declarat

404 2601 463 2646 ut
497 2595 756 2661 sequitur.
807 2625 811 2631 -
1003 2610 1008 2613 “
1382 2584 1399 2614 ³
1550 2588 1553 2589 ⁷
1995 2620 2001 2624 ,

550 2679 626 2730 Et
665 2681 848 2747 primo
897 2678 1047 2747 quod
1089 2679 1213 2746 ipsa
1259 2678 1495 2746 synodus
1545 2678 1601 2727 in
1646 2676 1858 2744 Spiritu
1910 2682 2098 2729 sancto
2134 2693 2257 2729 con-

399 2773 632 2836 yreqata
670 2767 902 2836 leyitime
937 2766 1196 2834 yenerale
1217 2764 1521 2816 *concilium
1553 2765 1793 2831 faciens,
1832 2763 2137 2816 Ecclesiam
2174 2780 2259 2817 ca-

403 2856 660 2906 tholicam
716 2855 1034 2906 militantem
1089 2858 1537 2920 repraesentanS,
1584 2856 1907 2918 potestatem
1955 2871 1990 2902 a
2014 2904 2023 2911 „
2045 2850 2260 2905 Christo

405 2944 706 2995 immediate
745 2941 933 3001 habet,
971 2943 1063 2992 cui
1100 2941 1328 3010 quilibet
1362 2943 1724 3010 cujuscunque
1764 2944 1932 3011 status
1970 2937 2057 2991 vel
2089 2938 2260 3005 diffiti-

404 3033 546 3090 tatis,
584 3031 793 3081 etiamsi
832 3028 1064 3096 Papalis
1105 3030 1335 3091 emittat,
1373 3027 1593 3080 obedire
1630 3032 1838 3085 tenetur
1873 3026 1945 3076 in*
1968 3023 2078 3086 his,
2120 3040 2257 3090 quae

397 3119 675 3186 pertinent
710 3118 787 3167 ad
815 3118 981 3185 sidem
1021 3122 1071 3167 et
1109 3117 1530 3183 extirpationem
1567 3115 1699 3164 dicti
1733 3111 2052 3170 schismatis,
2090 3116 2142 3160 et
2175 3128 2257 3160 re-

397 3207 782 3274 formationem
817 3205 1127 3273 qeneralem
1155 3203 1436 3255 Ecclesiae
1463 3201 1574 3251 Dei
1610 3202 1664 3249 in
1704 3199 1881 3264 capite
1921 3203 1974 3248 et
2010 3199 2065 3247 in
2104 3215 2255 3248 mem-

402 3295 527 3346 bris.
603 3289 876 3343 Postrema
912 3291 1069 3343 verba
1096 3297 1149 3342 et
1171 3291 1616 3358 reformationem
1636 3284 1948 3354 yeneralern
1978 3284 2254 3336 Ecclesiae

405 3381 515 3431 Dei
551 3382 606 3431 in
645 3381 822 3447 capite
862 3387 914 3430 et
950 3382 1004 3430 in
1045 3378 1313 3437 membris,
1364 3393 1463 3427 non
1504 3372 1661 3435 solum
1701 3371 1877 3422 deesse
1917 3370 1968 3422 in
2010 3388 2129 3422 mss,
2171 3387 2254 3422 co-

402 3465 594 3523 dicibus
645 3463 911 3521 Vaticanis
962 3463 1177 3516 laudatis
1231 3482 1261 3516 a
1312 3457 1677 3516 schelestratio
1695 3497 1709 3522 ,
1775 3476 1948 3512 verum
2000 3456 2151 3510 etiam
2201 3456 2252 3508 in
