2326 3854
690 250 1284 307 *95*-

87 421 201 474 dicti
236 418 375 471 XIII.
415 417 603 481 editae,
659 433 783 485 quae
832 414 973 467 factis
1023 422 1073 466 et
1109 408 1488 465 circumstantiis
1537 409 1770 465 involutis
1807 411 1883 462 in-

86 508 254 571 nixae,
293 523 391 557 non
427 502 675 574 pertinent
700 501 760 553 ad
784 500 941 564 fidem,
978 499 1051 551 uti
1086 516 1154 551 ex
1179 496 1424 549 Bossueto
1459 493 1728 547 didicimus.
1775 493 1886 565 Ipsa

85 612 206 647 vero
245 600 373 654 acta,
410 587 680 640 methodum
720 595 770 637 et
805 584 1072 655 principia,
1110 583 1282 652 quihus
1321 582 1381 634 ad
1417 598 1584 633 eorum
1621 579 1886 651 depositio-

89 696 198 730 nem
245 673 420 728 Pisani
465 671 650 724 Patres
698 678 1076 740 processerunt,
1137 665 1236 719 n'on
1283 667 1518 737 prodesse
1567 666 1884 730 adversariiS,

88 762 172 814 sed
208 760 368 831 potius
404 758 579 814 obesse
615 755 755 808 facile
801 764 878 807 est
924 744 1282 806 demonstrare.
1357 751 1470 804 Ideo
1507 749 1726 814 Pisanae
1763 769 1886 823 syn-

88 845 167 897 odi
203 853 345 914 gesta
381 841 474 894 sibi
521 839 755 912 prodesse
805 838 1078 893 adversarii
1128 847 1361 901 censent,
1417 836 1531 905 quia
1568 839 1887 907 praesumunt

88 930 240 1000 ipsam
286 927 528 997 synodum
584 944 645 979 ea
700 926 758 978 de
808 942 955 978 causa
1012 923 1296 994 deposuisse
1346 923 1700 975 contendentes
1746 922 1884 987 duoS,

86 1013 212 1083 quod
247 1011 432 1065 Patres
470 1020 658 1064 certum
707 1011 964 1063 crederent
998 1010 1230 1080 generale
1278 1007 1533 1061 concilium
1574 1010 1657 1078 jus
1704 1008 1887 1066 habere

88 1117 237 1170 supra
282 1115 496 1150 summos
546 1095 831 1148 Pontifices.
922 1094 1112 1149 Verum
1173 1095 1299 1146 hanc
1365 1094 1661 1145 sententiam
1714 1093 1886 1146 iisdem

88 1183 320 1236 Patribus
368 1200 466 1235 non
511 1181 664 1234 fuisse
711 1180 1038 1251 exploratam*
1062 1189 1112 1232 et
1168 1188 1350 1232 certam
1397 1195 1463 1230 ex
1521 1196 1580 1230 eo
1629 1179 1887 1235 manifeste

88 1268 359 1339 colligitur,
398 1267 524 1336 quod
560 1267 673 1320 licet
710 1275 943 1336 ageretur
979 1266 1038 1318 de
1075 1265 1262 1316 duobus
1298 1281 1398 1315 non
1435 1263 1585 1327 certi,
1634 1264 1721 1316 sed
1757 1263 1887 1315 dubii

79 1354 205 1422 juris
230 1351 569 1417 Pontificibus,
607 1370 706 1404 non
738 1361 905 1403 tamen
942 1350 1049 1404 ausi
1085 1349 1185 1402 sint
1219 1350 1330 1402 illos
1369 1350 1590 1402 absolute
1625 1349 1887 1420 deponere,

88 1438 181 1489 nisi
218 1456 304 1490 eos
341 1437 550 1501 aliunde,
587 1438 634 1489 id
655 1447 732 1490 est
766 1438 826 1488 ob
865 1436 1050 1489 crimen
1085 1426 1366 1488 schismatis
1405 1445 1455 1487 et
1491 1435 1731 1496 haeresis,
1759 1436 1888 1505 judi-

88 1531 287 1576 cassent
338 1541 366 1574 a
417 1523 691 1592 semetipsis
747 1526 863 1590 ipso
907 1527 1059 1590 facto
1109 1522 1357 1592 depositos
1416 1520 1664 1573 excidisse
1718 1520 1777 1572 ab
1828 1538 1886 1572 00

88 1605 348 1659 Pontificio
396 1607 634 1677 primatu,
694 1626 787 1676 quo
833 1607 937 1659 solo
989 1625 1018 1659 a
1070 1605 1262 1659 concilii
1301 1605 1647 1675 jurisdictione
1696 1604 1885 1657 exime-

87 1693 279 1744 bantur.
363 1690 542 1761 Neque
594 1691 641 1744 id
695 1702 882 1744 temere
936 1691 995 1743 ab
1049 1689 1170 1760 ipsis
1231 1692 1410 1743 factum
1467 1692 1650 1760 absque
1694 1700 1888 1742 maturo

89 1776 318 1828 examine
373 1786 520 1846 atque
569 1777 791 1831 consilio.
875 1775 988 1829 Jam
1037 1784 1151 1827 ante
1204 1775 1295 1828 hoc
1354 1775 1608 1828 concilium
1669 1775 1888 1846 plerique

88 1861 355 1931 Theologi,
403 1879 738 1932 canonumque
785 1856 1020 1932 Magistri
1068 1860 1331 1932 praecipue
1375 1857 1619 1914 Gallicani
1665 1870 1715 1912 et
1763 1859 1890 1913 Uni-

86 1946 338 1999 versitatis
382 1944 684 2000 Parisiensis
731 1945 862 1999 omni
910 1945 1068 1997 studio
1116 1945 1510 2016 investiganteS,
1564 1964 1659 2015 qua
1693 1945 1889 1998 ratione

88 2042 184 2084 tam
221 2031 543 2105 pernitiosum
581 2032 993 2085 et-inveteratum
1031 2031 1243 2083 schisma
1278 2041 1448 2101 posset
1484 2032 1696 2096 aboleri,
1732 2031 1887 2102 primo

80 2115 361 2187 judicarunt
395 2117 588 2170 unicam
624 2117 755 2171 viam
790 2116 1056 2186 legitimam
1099 2133 1211 2169 esse
1258 2116 1655 2170 contendentium
1705 2117 1888 2169 cessio-

88 2215 250 2253 nemz·
280 2211 329 2252 et
378 2201 431 2268 in
477 2202 604 2254 hanc
653 2202 1009 2272 procurandam
1057 2210 1165 2253 tota
1201 2220 1319 2255 cura
1355 2203 1731 2267 intendendum,
1780 2221 1887 2255 cum

89 2286 300 2338 nondum
337 2285 585 2339 obtineret
622 2286 784 2357 opinio
823 2287 882 2339 de
923 2288 1037 2355 jure
1075 2286 1270 2339 concilii
1306 2288 1607 2340 oecumenici
1644 2289 1702 2340 ad
1739 2289 1887 2359 depo-

90 2371 276 2422 nendos
313 2370 490 2423 incerti
525 2372 698 2437 saltem
728 2371 855 2441 juris
891 2369 1180 2424 Pontifices.
1256 2372 1330 2423 At
1364 2382 1623 2443 postquam
1671 2374 1732 2424 ob
1772 2391 1888 2426 con-

88 2454 388 2509 tendentium
427 2456 801 2526 repugnantiam
839 2457 961 2510 haec
998 2457 1079 2511 via
1117 2457 1302 2510 inutilis
1339 2457 1545 2511 inventa
1583 2467 1686 2523 est3
1735 2467 1785 2510 et
1822 2459 1889 2510 si.-

88 2541 267 2594 militer
314 2560 413 2593 non
461 2541 658 2594 omnino
695 2541 849 2594 facilis
885 2542 1137 2596 videretur
1174 2543 1444 2596 subtractio
1483 2543 1789 2596 obedientiae
1826 2545 1886 2595 ab

86 2635 322 2695 utroque,
360 2626 449 2695 qui.
477 2626 529 2678 in
565 2644 654 2680 sua
692 2629 924 2698 cujusque
960 2628 1239 2681 obedientia
1274 2628 1546 2680 habebatur
1581 2647 1728 2681 verus
1766 2628 1889 2699 legi-

87 2711 329 2779 timusque
367 2701 634 2777 Pontifex,
686 2712 828 2765 aliam
874 2713 1004 2767 viam
1042 2714 1422 2784 excogitarunt,
1470 2731 1612 2782 quam
1649 2713 1887 2766 Pisanum

92 2796 356 2847 concilium.
382 2795 541 2849 inivit.
613 2795 698 2847 Ex
751 2797 875 2849 actis
910 2798 1039 2851 enim
1088 2817 1144 2851 ac
1181 2799 1482 2852 documentis
1520 2801 1731 2869 ejusdem
1769 2819 1885 2853 con-

91 2880 187 2932 cilii
220 2880 399 2948 liquet,
436 2880 487 2932 in
523 2880 630 2951 ipso
667 2881 800 2951 prius
823 2880 1109 2936 ‘Doctorum
1147 2882 1454 2953 Patrumque
1499 2883 1735 2952 requisita
1775 2902 1888 2936 sen-

91 2965 270 3029 tentia,
309 2965 398 3017 hos
434 2984 555 3019 vero
591 2966 642 3017 in
680 2985 738 3019 eo
777 2967 1095 3032 convenisse,
1145 2966 1444 3039 Gregorium
1480 2968 1598 3021 XII.
1637 2980 1688 3022 et
1722 2968 1887 3022 Bene-

90 3050 266 3103 dictum
303 3049 442 3101 XIII.
498 3051 687 3103 incerto
737 3042 1064 3105 Pontificatus
1111 3055 1225 3124 jure
1273 3055 1561 3124 fungenteS,
1621 3050 1738 3108 cum*
1777 3073 1889 3107 sese

92 3145 238 3188 antea
266 3136 584 3207 jurejurando
624 3136 927 3206 obligassent
964 3138 1023 3189 ad
1054 3137 1207 3208 ipsius
1232 3138 1558 3192 Pontificatus
1595 3140 1886 3206 cessionem,

94 3220 135 3271 si
170 3221 381 3273 tollendo
419 3221 672 3274 schismati
698 3222 982 3289 necessaria
1018 3233 1171 3288 esset,
1206 3223 1349 3294 hujus
1385 3224 1728 3294 promissionis
1765 3243 1888 3278 exe-

93 3305 333 3357 cutionem
387 3306 563 3360 diutius
630 3308 912 3360 differentes
933 3348 946 3373 ,
1009 3309 1160 3362 veluti
1223 3310 1443 3362 fautores
1507 3310 1888 3381 pertinacissimi

94 3389 395 3455 schismatiS,
441 3392 688 3446 habendos
727 3411 838 3445 esse
875 3403 1108 3463 tanquam
1147 3394 1515 3461 schismaticos,
1554 3396 1700 3448 immo
1740 3397 1886 3450 etiam

94 3473 369 3528 haereticos
397 3479 548 3546 juxta
581 3478 697 3530 illud
734 3479 1036 3565 scholarum,
1076 3480 1201 3549 quod
1237 3480 1542 3546 invaluerat,
1580 3481 1884 3553 principium,
