2326 3854
912 171 1087 179 -—
1186 140 1574 198 126-—-

314 303 512 373 quidem
550 306 712 359 nullus
759 308 842 359 vel
889 306 1116 378 privatus
1165 325 1310 359 error
1348 307 1561 381 cuipiam
1599 308 1839 363 Pontifici
1885 312 2164 385 adscriptus

315 401 494 444 contra
530 393 681 445 ullum
734 394 915 464 dogma
964 393 1170 447 evidens
1209 404 1295 447 aut
1340 395 1595 449 definitum
1652 397 1895 451 hactenus
1933 397 2166 453 inventus

314 488 420 545 est,-
459 489 548 532 aut
583 481 781 532 futurus
818 488 1040 550 putatur.
1118 478 1248 548 Quid
1298 482 1456 554 igitur
1501 483 1554 537 in
1605 502 1746 537 mera
1794 483 2073 556 hypothesi>
2097 487 2170 539 la-

312 566 547 621 boremus
585 566 807 638 pluribus
826 567 851 618 ’.Ρ

1149 745 1193 814 g.
1244 744 1333 798 111.

313 858 375 900 De
406 870 515 901 casu
544 859 815 910 schismatis,
861 873 946 916 quo
974 856 1065 905 'duo
1097 865 1164 904 vel
1194 866 1344 916 plures
1373 866 1464 905 sese
1495 869 1651 916 gerant
1682 869 1889 919 tanquam
1922 864 2167 918 Pontifices.

455 960 509 1013 9.
587 959 838 1033 Reliquus
876 974 957 1017 est
995 982 1142 1018 casus
1181 954 1485 1031 schismatis,
1526 965 1577 1018 in
1618 985 1716 1037 quo
1756 953 1851 1037 duo
1877 964 1960 1022 vel
1996 967 2165 1039 plures

311 1046 370 1099 de
415 1046 711 1118 pontificatu
761 1052 1152 1117 contendenteS,
1202 1049 1483 1107 Ecclesiam
1532 1051 1584 1106 in
1640 1040 1813 1125 partes
1871 1048 2169 1108 discindant.

308 1133 424 1187 Duo
484 1145 649 1189 autem
708 1139 971 1210 ejusmodi
1014 1138 1337 1193 schismatum
1382 1159 1576 1212 genera
1630 1151 1749 1194 sunt
1781 1134 2165 1212 distinguenda.

310 1220 411 1275 Vel
457 1222 589 1276 enim
652 1223 799 1279 unius
861 1244 932 1279 ex
992 1226 1409 1281 contendentibus
1464 1228 1642 1281 electio
1695 1238 1746 1283 et
1788 1230 1876 1301 jus
1937 1215 2170 1282 instituto

312 1327 538 1382 congruo
577 1312 818 1367 examine
856 1312 1135 1390 legitimum
1184 1323 1236 1368 et
1284 1324 1475 1368 certum
1527 1316 1774 1369 detectum
1815 1325 1922 1381 est,
1971 1315 2052 1370 vel
2091 1315 2170 1369 in-

311 1406 501 1450 certum
549 1408 780 1452 remanet
829 1408 880 1452 et
926 1399 1210 1454 obscurum.
1300 1399 1508 1455 Primus
1553 1419 1699 1456 casus
1749 1402 1970 1475 antiquis
2020 1400 2168 1456 etiam

309 1484 617 1557 temporibus
654 1484 925 1540 identidem
962 1487 1164 1556 incidit,
1205 1507 1368 1560 neque
1407 1488 1681 1560 cogitatum
1718 1508 1939 1563 unquam
1976 1489 2070 1543 fuit
2109 1489 2169 1542 de

309 1572 540 1645 generali
591 1573 787 1646 synodo
836 1569 1225 1648 congreganda,
1277 1594 1407 1646 quae
1457 1575 1511 1628 in
1548 1574 1850 1629 Pontificem
1891 1574 2049 1645 ‘etiam
2101 1594 2171 1628 ex

312 1659 537 1730 legitima
589 1659 835 1714 electione
896 1672 1089 1716 certum
1152 1662 1334 1734 aliquid
1373 1662 1507 1736 juris
1560 1655 1822 1738 baberet,
1854 1659 2172 1733 ,eundemque

313 1765 471 1818 aeque
510 1766 568 1800 ae
605 1747 920 1815 invasorem,
960 1751 1023 1803 ob
1062 1749 1423 1804 restituendam
1454 1747 1725 1824 'Ecclesiae
1763 1767 1933 1822 pacem
1973 1759 2025 1803 et
2061 1749 2169 1802 uni-

311 1843 486 1901 tatem,
529 1854 558 1888 a
595 1832 887 1906 pontificatu
926 1847 977 1891 et
1004 1827 1231 1937 primatu
1269 1838 1376 1909 ejus
1416 1848 1554 1892 certo
1588 1839 1880 1910 deponeret.
1957 1831 2171 1915 Sempei

309 1922 590 1976 vindicatus
646 1923 739 1977 fuit
775 1923 889 1990 ille,
938 1926 1079 1997 cujus
1110 1926 1192 1996 jus
1239 1934 1429 1978 eertum
1479 1944 1551 1979 ex
1599 1924 1857 1996 legitimae
1905 1921 2168 1978 electionis

310 2009 491 2063 notitia
526 2009 837 2078 innotuerat,
876 2021 930 2064 ut
966 2021 1106 2085 patet
1144 2030 1351 2084 ex.g1.
1393 2029 1461 2065 ex
1500 2011 1581 2080 iis,
1621 2030 1748 2082 quae
1785 2021 1934 2084 gesta
1972 1998 2170 2064 suntin

311 2097 583 2153 schismate
621 2109 801 2153 contra
837 2097 895 2152 S.
939 2096 1229 2154 Cornelium
1270 2099 1497 2153 excitato
1529 2109 1761 2172 tempore
1798 2096 1856 2151 S.
1903 2096 2169 2171 Cypriani,

310 2205 405 2240 nec
442 2206 544 2240 non
582 2187 634 2240 in
671 2186 771 2254 illo,
811 2187 941 2259 quod
978 2179 1307 2259 temporibus
1329 2184 1386 2240 S.
1421 2186 1675 2240 Bernardi
1711 2196 1889 2240 contra
1924 2184 2169 2254 Innocen-

310 2275 434 2328 tium
472 2274 535 2328 Π.
599 2286 650 2330 et
693 2271 1049 2329 Alexandrum
1086 2272 1175 2327 ΙΙΙ.
1238 2273 1487 2328 efferbuit.
1583 2273 1741 2342 Ratio
1800 2292 1892 2346 pro
1942 2272 2168 2345 legitimo

311 2370 551 2433 certoque
590 2358 841 2415 Pontifice
878 2361 1146 2415 manifesta
1184 2371 1324 2429 erat,
1369 2381 1471 2416 non
1511 2361 1672 2416 solum
1723 2361 1841 2433 quia
1877 2351 1979 2414 non
1992 2317 2167 2414 t’debet

310 2450 518 2504 invasor
557 2459 608 2503 et
653 2448 882 2502 intrusus
929 2451 1108 2504 contra
1159 2449 1286 2502 certi
1325 2449 1460 2522 juris
1498 2432 1799 2521 Pontificem
1837 2448 2167 2521 praevalere,

310 2557 484 2594 verum
524 2538 701 2607 etiam,
749 2547 799 2591 et
837 2530 994 2590 multo
1033 2535 1197 2608 magis
1235 2535 1352 2606 quia
1392 2546 1570 2590 contra
1617 2545 1809 2606 certum
1849 2528 2164 2607 Pontificium

303 2627 391 2697 jus
430 2626 566 2679 nulla
604 2626 688 2679 vel
724 2623 979 2696 generalis
1019 2621 1218 2676 concilii
1252 2631 1482 2694 potestas
1521 2632 1627 2676 est:
1669 2641 1777 2675 cum
1817 2622 1879 2675 ob
1919 2621 2047 2693 idem
2080 2623 2166 2693 jus

310 2730 414 2765 non
453 2712 515 2765 ab
554 2711 857 2783 electoribus
896 2729 989 2764 nec
1027 2710 1088 2762 ab
1127 2707 1377 2776 Ecclesia,
1417 2710 1504 2763 sed
1543 2727 1573 2762 a
1611 2707 1722 2762 Deo
1761 2707 2045 2762 immediate
2074 2708 2166 2761 tri-

313 2920 585 2974 Symmacho.
631 2932 741 2972 quae
771 2923 909 2960 tamen
955 2919 1200 2972 hypothesis
1231 2930 1313 2959 non
1345 2918 1398 2957 de
1431 2917 1742 2970 definitionum,
1782 2917 1859 2957 sed
1891 2916 1943 2956 de
1974 2916 2167 2968 privatae

314 2980 522 3034 opinionis
549 2992 693 3022 errore
724 2980 840 3020 circa
870 2979 995 3021 fidem
1026 2978 1301 3031 intelligenda
1331 2990 1383 3018 ex
1415 2977 1543 3018 dictis
1575 2978 1697 3018 initio
1729 2972 1962 3030 praesentis
1994 2987 2103 3015 nun.
2121 2976 2164 3017 8.

314 3041 516 3092 colligere
545 3040 661 3084 licet.
723 3041 872 3082 Obiter
901 3052 1027 3092 porro
1058 3040 1139 3081 hoc
1168 3041 1261 3079 loco
1292 3038 1469 3079 monebo
1503 3050 1702 3078 canonem
1736 3038 1786 3077 Sa·
1817 3036 1966 3087 Papa,
1998 3035 2052 3074 de
2084 3047 2165 3086 quo

311 3103 354 3142 in
400 3101 508 3141 actis
548 3100 755 3143 hactenus
796 3101 909 3141 notis
951 3102 997 3142 S.
1036 3100 1247 3140 Bonisacii
1289 3099 1604 3151 Archiepiscopi
1652 3098 1804 3137 nullum
1843 3096 2041 3136 indicium
2084 3099 2163 3146 est,
2198 3117 2200 3119 ·

312 3162 505 3213 nullaque
537 3161 646 3214 apud
678 3161 931 3202 Canonistas
962 3160 1195 3200 Deusdedit
1234 3160 1494 3210 antiquiores
1537 3157 1719 3198 occurrit
1750 3156 1933 3203 mentio,
1974 3155 2164 3194 incertae

313 3222 536 3263 admodum
570 3234 666 3263 esse
697 3221 966 3262 auctoritatis
995 3226 1048 3261 ac
1078 3219 1199 3260 fidei:
1232 3220 1455 3260 concilium
1485 3229 1586 3258 vero
1609 3218 1655 3258 V.
1685 3217 1914 3256 Romanum
1948 3216 2022 3256 sub
2046 3217 2164 3267 Sym-

312 3282 458 3323 macho
492 3282 621 3334 vulgo
652 3282 883 3334 legitimum
912 3280 1124 3329 habitum,
1166 3280 1332 3320 omnino
1374 3278 1684 3331 supposititium
1714 3276 1917 3329 probasse
1948 3276 2070 3316 nobis
2090 3277 2165 3315 -·-vi-

314 3343 457 3382 demur
486 3342 530 3383 in
560 3346 746 3383 tractatu
779 3341 841 3382 De
873 3341 1070 3394 antiquw
1100 3351 1314 3382 canonum
1349 3338 1684 3387 collectionibus,
1715 3337 1783 3388 qui
1807 3334 1968 3388 prodiit
1997 3340 2097 3387 tom.
2119 3337 2162 3376 3.

315 3405 484 3441 nostrae
523 3403 725 3443 editionis
760 3399 949 3443 Venetae
989 3402 1171 3453 Operum
1214 3402 1259 3440 S
1293 3399 1464 3440 Leonis.
1498 3397 1634 3440 Vide
1676 3401 1785 3447 part.
1818 3397 1862 3436 3.
1896 3409 1932 3436 c.
1967 3397 2009 3438 6.
2045 3407 2084 3436 n.
2119 3397 2162 3435 7,

314 3473 408 3513 pag.
440 3462 544 3501 217.
