<?xml version="1.0" encoding="UTF-8"?>
<!DOCTYPE html PUBLIC "-//W3C//DTD XHTML 1.0 Transitional//EN"
    "http://www.w3.org/TR/xhtml1/DTD/xhtml1-transitional.dtd">
<html xmlns="http://www.w3.org/1999/xhtml" xml:lang="en" lang="en">
 <head>
  <title>
</title>
<meta http-equiv="Content-Type" content="text/html;charset=utf-8" />
  <meta name='ocr-system' content='tesseract 3.04.00' />
  <meta name='ocr-capabilities' content='ocr_page ocr_carea ocr_par ocr_line ocrx_word'/>
</head>
<body>
  <div class='ocr_page' id='page_1' title='image "./ra546170800balluoft_0074.png"; bbox 0 0 2326 3854; ppageno 0'>
   <div class='ocr_carea' id='block_1_1' title="bbox 974 102 1547 157">
    <p class='ocr_par' dir='ltr' id='par_1_1' title="bbox 974 102 1547 157">
     <span class='ocr_line' id='line_1_1' title="bbox 974 102 1547 157; baseline -0.002 -15"><span class='ocrx_word' id='word_1_1' title='bbox 974 102 1547 157; x_wconf 35' lang='lat' dir='ltr'><strong>„mg—„-</strong></span> 
     </span>
    </p>
   </div>
   <div class='ocr_carea' id='block_1_2' title="bbox 328 266 2191 2875">
    <p class='ocr_par' dir='ltr' id='par_1_2' title="bbox 333 266 2184 1042">
     <span class='ocr_line' id='line_1_2' title="bbox 333 266 2181 343; baseline -0.001 -20"><span class='ocrx_word' id='word_1_2' title='bbox 333 271 445 324; x_wconf 90' lang='lat' dir='ltr'><strong>dem</strong></span> <span class='ocrx_word' id='word_1_3' title='bbox 470 269 736 343; x_wconf 85' lang='lat' dir='ltr'><strong>Apostolis</strong></span> <span class='ocrx_word' id='word_1_4' title='bbox 774 269 881 342; x_wconf 82' lang='lat' dir='ltr'><strong>ipsa</strong></span> <span class='ocrx_word' id='word_1_5' title='bbox 923 269 1272 322; x_wconf 84' lang='lat' dir='ltr'><strong>aedificaretur</strong></span> <span class='ocrx_word' id='word_1_6' title='bbox 1307 266 1567 321; x_wconf 81' lang='lat' dir='ltr'><strong>Ecclesia:</strong></span> <span class='ocrx_word' id='word_1_7' title='bbox 1607 286 1665 321; x_wconf 92' lang='lat' dir='ltr'><strong>ac</strong></span> <span class='ocrx_word' id='word_1_8' title='bbox 1697 269 1909 339; x_wconf 29' lang='lat' dir='ltr'><strong>*proinde</strong></span> <span class='ocrx_word' id='word_1_9' title='bbox 1947 271 2043 324; x_wconf 88' lang='lat' dir='ltr'><strong>dici</strong></span> <span class='ocrx_word' id='word_1_10' title='bbox 2082 290 2181 324; x_wconf 91' lang='lat' dir='ltr'><strong>non</strong></span> 
     </span>
     <span class='ocr_line' id='line_1_3' title="bbox 333 353 2182 430; baseline 0 -19"><span class='ocrx_word' id='word_1_11' title='bbox 333 367 500 430; x_wconf 90' lang='lat' dir='ltr'><strong>potest</strong></span> <span class='ocrx_word' id='word_1_12' title='bbox 549 356 835 410; x_wconf 80' lang='lat' dir='ltr'>immediate</span> <span class='ocrx_word' id='word_1_13' title='bbox 887 357 1067 410; x_wconf 89' lang='lat' dir='ltr'><strong>collata</strong></span> <span class='ocrx_word' id='word_1_14' title='bbox 1120 354 1276 408; x_wconf 90' lang='lat' dir='ltr'><strong>eidem</strong></span> <span class='ocrx_word' id='word_1_15' title='bbox 1332 353 1623 420; x_wconf 82' lang='lat' dir='ltr'><strong>Ecclesiae,</strong></span> <span class='ocrx_word' id='word_1_16' title='bbox 1683 374 1810 425; x_wconf 89' lang='lat' dir='ltr'><strong>quae</strong></span> <span class='ocrx_word' id='word_1_17' title='bbox 1854 358 2071 410; x_wconf 88' lang='lat' dir='ltr'><strong>nondum</strong></span> <span class='ocrx_word' id='word_1_18' title='bbox 2121 359 2182 411; x_wconf 90' lang='lat' dir='ltr'><strong>ab</strong></span> 
     </span>
     <span class='ocr_line' id='line_1_4' title="bbox 333 440 2182 508; baseline -0.001 -11"><span class='ocrx_word' id='word_1_19' title='bbox 333 443 434 497; x_wconf 91' lang='lat' dir='ltr'><strong>illis</strong></span> <span class='ocrx_word' id='word_1_20' title='bbox 484 454 595 498; x_wconf 91' lang='lat' dir='ltr'><strong>erat</strong></span> <span class='ocrx_word' id='word_1_21' title='bbox 643 444 930 508; x_wconf 87' lang='lat' dir='ltr'><strong>aedificata,</strong></span> <span class='ocrx_word' id='word_1_22' title='bbox 983 460 1077 496; x_wconf 91' lang='lat' dir='ltr'><strong>nec</strong></span> <span class='ocrx_word' id='word_1_23' title='bbox 1125 440 1196 494; x_wconf 90' lang='lat' dir='ltr'><strong>ita</strong></span> <span class='ocrx_word' id='word_1_24' title='bbox 1241 441 1525 502; x_wconf 78' lang='lat' dir='ltr'>immediate</span> <span class='ocrx_word' id='word_1_25' title='bbox 1564 442 1751 495; x_wconf 89' lang='lat' dir='ltr'><strong>tradita</strong></span> <span class='ocrx_word' id='word_1_26' title='bbox 1789 441 2051 497; x_wconf 82' lang='lat' dir='ltr'><strong>Ecclesiae</strong></span> <span class='ocrx_word' id='word_1_27' title='bbox 2089 444 2182 498; x_wconf 91' lang='lat' dir='ltr'><strong>dici</strong></span> 
     </span>
     <span class='ocr_line' id='line_1_5' title="bbox 334 528 2182 604; baseline -0.001 -19"><span class='ocrx_word' id='word_1_28' title='bbox 334 542 537 604; x_wconf 76' lang='lat' dir='ltr'><strong>potest,</strong></span> <span class='ocrx_word' id='word_1_29' title='bbox 588 540 641 583; x_wconf 89' lang='lat' dir='ltr'><strong>ut</strong></span> <span class='ocrx_word' id='word_1_30' title='bbox 693 530 827 604; x_wconf 85' lang='lat' dir='ltr'><strong>illam</strong></span> <span class='ocrx_word' id='word_1_31' title='bbox 865 529 1055 583; x_wconf 88' lang='lat' dir='ltr'><strong>Petrus</strong></span> <span class='ocrx_word' id='word_1_32' title='bbox 1105 539 1156 582; x_wconf 92' lang='lat' dir='ltr'><strong>et</strong></span> <span class='ocrx_word' id='word_1_33' title='bbox 1206 528 1442 601; x_wconf 87' lang='lat' dir='ltr'><strong>Apostoli</strong></span> <span class='ocrx_word' id='word_1_34' title='bbox 1494 529 1785 602; x_wconf 87' lang='lat' dir='ltr'><strong>acceperint</strong></span> <span class='ocrx_word' id='word_1_35' title='bbox 1830 531 1890 582; x_wconf 88' lang='lat' dir='ltr'><strong>ab</strong></span> <span class='ocrx_word' id='word_1_36' title='bbox 1937 529 2182 596; x_wconf 84' lang='lat' dir='ltr'><strong>Ecclesia,</strong></span> 
     </span>
     <span class='ocr_line' id='line_1_6' title="bbox 335 614 2184 690; baseline -0.001 -18"><span class='ocrx_word' id='word_1_37' title='bbox 335 637 460 690; x_wconf 86' lang='lat' dir='ltr'><strong>quos</strong></span> <span class='ocrx_word' id='word_1_38' title='bbox 500 620 561 672; x_wconf 91' lang='lat' dir='ltr'><strong>ab</strong></span> <span class='ocrx_word' id='word_1_39' title='bbox 598 618 706 689; x_wconf 87' lang='lat' dir='ltr'><strong>ipso</strong></span> <span class='ocrx_word' id='word_1_40' title='bbox 746 614 955 670; x_wconf 90' lang='lat' dir='ltr'><strong>Christo</strong></span> <span class='ocrx_word' id='word_1_41' title='bbox 997 635 1109 670; x_wconf 88' lang='lat' dir='ltr'><strong>eam</strong></span> <span class='ocrx_word' id='word_1_42' title='bbox 1149 617 1403 688; x_wconf 90' lang='lat' dir='ltr'><strong>accepisse</strong></span> <span class='ocrx_word' id='word_1_43' title='bbox 1441 615 1757 689; x_wconf 82' lang='lat' dir='ltr'><strong>Evangelica</strong></span> <span class='ocrx_word' id='word_1_44' title='bbox 1795 618 1952 671; x_wconf 85' lang='lat' dir='ltr'><strong>verba</strong></span> <span class='ocrx_word' id='word_1_45' title='bbox 1988 627 2184 683; x_wconf 89' lang='lat' dir='ltr'><strong>testan-</strong></span> 
     </span>
     <span class='ocr_line' id='line_1_7' title="bbox 333 702 2184 776; baseline 0.001 -18"><span class='ocrx_word' id='word_1_46' title='bbox 333 714 436 758; x_wconf 84' lang='lat' dir='ltr'><strong>tur.</strong></span> <span class='ocrx_word' id='word_1_47' title='bbox 514 703 566 756; x_wconf 93' lang='lat' dir='ltr'><strong>Id</strong></span> <span class='ocrx_word' id='word_1_48' title='bbox 618 713 786 756; x_wconf 88' lang='lat' dir='ltr'><strong>autem</strong></span> <span class='ocrx_word' id='word_1_49' title='bbox 825 705 978 758; x_wconf 90' lang='lat' dir='ltr'><strong>multo</strong></span> <span class='ocrx_word' id='word_1_50' title='bbox 1017 703 1181 758; x_wconf 88' lang='lat' dir='ltr'><strong>minus</strong></span> <span class='ocrx_word' id='word_1_51' title='bbox 1222 702 1318 758; x_wconf 86' lang='lat' dir='ltr'><strong>dici</strong></span> <span class='ocrx_word' id='word_1_52' title='bbox 1354 714 1548 776; x_wconf 86' lang='lat' dir='ltr'><strong>potest,</strong></span> <span class='ocrx_word' id='word_1_53' title='bbox 1600 705 1644 758; x_wconf 89' lang='lat' dir='ltr'><strong>si</strong></span> <span class='ocrx_word' id='word_1_54' title='bbox 1682 704 1945 759; x_wconf 86' lang='lat' dir='ltr'><strong>Ecclesiae</strong></span> <span class='ocrx_word' id='word_1_55' title='bbox 1983 705 2184 759; x_wconf 90' lang='lat' dir='ltr'><strong>nomine</strong></span> 
     </span>
     <span class='ocr_line' id='line_1_8' title="bbox 333 789 2183 864; baseline -0.001 -19"><span class='ocrx_word' id='word_1_56' title='bbox 333 802 445 846; x_wconf 92' lang='lat' dir='ltr'><strong>tota</strong></span> <span class='ocrx_word' id='word_1_57' title='bbox 483 789 935 845; x_wconf 88' lang='lat' dir='ltr'><strong>Christi-fidelium</strong></span> <span class='ocrx_word' id='word_1_58' title='bbox 985 790 1225 845; x_wconf 88' lang='lat' dir='ltr'><strong>societas.</strong></span> <span class='ocrx_word' id='word_1_59' title='bbox 1253 791 1565 863; x_wconf 83' lang='lat' dir='ltr'><strong>intelligatur</strong></span> <span class='ocrx_word' id='word_1_60' title='bbox 1613 791 1989 864; x_wconf 81' lang='lat' dir='ltr'><strong>comprehensis</strong></span> <span class='ocrx_word' id='word_1_61' title='bbox 2035 791 2183 845; x_wconf 90' lang='lat' dir='ltr'><strong>etiam</strong></span> 
     </span>
     <span class='ocr_line' id='line_1_9' title="bbox 333 877 2184 951; baseline 0 -20"><span class='ocrx_word' id='word_1_62' title='bbox 333 878 473 932; x_wconf 88' lang='lat' dir='ltr'><strong>laicis</strong></span> <span class='ocrx_word' id='word_1_63' title='bbox 509 878 1009 949; x_wconf 79' lang='lat' dir='ltr'><strong>atquemulieribus,</strong></span> <span class='ocrx_word' id='word_1_64' title='bbox 1041 897 1167 950; x_wconf 89' lang='lat' dir='ltr'><strong>quos</strong></span> <span class='ocrx_word' id='word_1_65' title='bbox 1203 879 1340 932; x_wconf 84' lang='lat' dir='ltr'><strong>omni</strong></span> <span class='ocrx_word' id='word_1_66' title='bbox 1365 879 1615 951; x_wconf 78' lang='lat' dir='ltr'><strong>spirituali</strong></span> <span class='ocrx_word' id='word_1_67' title='bbox 1638 877 2001 941; x_wconf 85' lang='lat' dir='ltr'><strong>Ecclesiastica</strong></span> <span class='ocrx_word' id='word_1_68' title='bbox 2026 879 2184 950; x_wconf 86' lang='lat' dir='ltr'><strong>juris-</strong></span> 
     </span>
     <span class='ocr_line' id='line_1_10' title="bbox 333 962 1851 1042; baseline -0.001 -24"><span class='ocrx_word' id='word_1_69' title='bbox 333 966 550 1019; x_wconf 82' lang='lat' dir='ltr'><strong>dictione</strong></span> <span class='ocrx_word' id='word_1_70' title='bbox 591 984 770 1037; x_wconf 81' lang='lat' dir='ltr'><strong>carere</strong></span> <span class='ocrx_word' id='word_1_71' title='bbox 810 967 1039 1020; x_wconf 89' lang='lat' dir='ltr'><strong>omnibus</strong></span> <span class='ocrx_word' id='word_1_72' title='bbox 1079 962 1338 1042; x_wconf 79' lang='lat' dir='ltr'><strong>catholicis</strong></span> <span class='ocrx_word' id='word_1_73' title='bbox 1379 967 1718 1020; x_wconf 85' lang='lat' dir='ltr'><strong>certissimum</strong></span> <span class='ocrx_word' id='word_1_74' title='bbox 1756 976 1851 1020; x_wconf 89' lang='lat' dir='ltr'><strong>est.</strong></span> 
     </span>
    </p>

    <p class='ocr_par' dir='ltr' id='par_1_3' title="bbox 328 1046 2191 2875">
     <span class='ocr_line' id='line_1_11' title="bbox 480 1046 2187 1120; baseline -0.001 -11"><span class='ocrx_word' id='word_1_75' title='bbox 480 1056 532 1109; x_wconf 74' lang='lat'><strong>2.</strong></span> <span class='ocrx_word' id='word_1_76' title='bbox 573 1051 745 1108; x_wconf 88' lang='lat' dir='ltr'><strong>Hocce</strong></span> <span class='ocrx_word' id='word_1_77' title='bbox 781 1063 1118 1108; x_wconf 85' lang='lat' dir='ltr'><strong>commentum</strong></span> <span class='ocrx_word' id='word_1_78' title='bbox 1151 1054 1214 1106; x_wconf 87' lang='lat' dir='ltr'><strong>ab</strong></span> <span class='ocrx_word' id='word_1_79' title='bbox 1242 1053 1512 1108; x_wconf 84' lang='lat' dir='ltr'><strong>haereticis</strong></span> <span class='ocrx_word' id='word_1_80' title='bbox 1539 1053 1823 1120; x_wconf 88' lang='lat' dir='ltr'><strong>inductum,</strong></span> <span class='ocrx_word' id='word_1_81' title='bbox 1855 1063 1915 1107; x_wconf 55' lang='lat' dir='ltr'><strong>“et</strong></span> <span class='ocrx_word' id='word_1_82' title='bbox 1935 1046 2187 1114; x_wconf 34' lang='lat' dir='ltr'><strong>*a&#39;refrae-</strong></span> 
     </span>
     <span class='ocr_line' id='line_1_12' title="bbox 332 1137 2186 1214; baseline 0 -21"><span class='ocrx_word' id='word_1_83' title='bbox 332 1141 479 1194; x_wconf 89' lang='lat' dir='ltr'><strong>tariis</strong></span> <span class='ocrx_word' id='word_1_84' title='bbox 517 1141 691 1194; x_wconf 91' lang='lat' dir='ltr'><strong>deinde</strong></span> <span class='ocrx_word' id='word_1_85' title='bbox 731 1151 1047 1214; x_wconf 89' lang='lat' dir='ltr'><strong>susceptum,</strong></span> <span class='ocrx_word' id='word_1_86' title='bbox 1086 1151 1140 1194; x_wconf 91' lang='lat' dir='ltr'><strong>ut</strong></span> <span class='ocrx_word' id='word_1_87' title='bbox 1175 1137 1481 1195; x_wconf 81' lang='lat' dir='ltr'><strong>Pontificum</strong></span> <span class='ocrx_word' id='word_1_88' title='bbox 1522 1151 1573 1195; x_wconf 93' lang='lat' dir='ltr'><strong>et</strong></span> <span class='ocrx_word' id='word_1_89' title='bbox 1608 1140 1986 1214; x_wconf 73' lang='lat' dir='ltr'><strong>Episcoporum&#39;</strong></span> <span class='ocrx_word' id='word_1_90' title='bbox 2012 1150 2186 1194; x_wconf 88' lang='lat' dir='ltr'><strong>aucto-</strong></span> 
     </span>
     <span class='ocr_line' id='line_1_13' title="bbox 332 1227 2186 1302; baseline 0 -22"><span class='ocrx_word' id='word_1_91' title='bbox 332 1228 536 1282; x_wconf 90' lang='lat' dir='ltr'><strong>ritatem</strong></span> <span class='ocrx_word' id='word_1_92' title='bbox 579 1227 675 1281; x_wconf 92' lang='lat' dir='ltr'><strong>sibi</strong></span> <span class='ocrx_word' id='word_1_93' title='bbox 711 1227 960 1281; x_wconf 86' lang='lat' dir='ltr'><strong>infensam</strong></span> <span class='ocrx_word' id='word_1_94' title='bbox 1001 1229 1300 1294; x_wconf 85' lang='lat' dir='ltr'><strong>eluderent,¹</strong></span> <span class='ocrx_word' id='word_1_95' title='bbox 1329 1230 1499 1302; x_wconf 86' lang='lat' dir='ltr'><strong>plures</strong></span> <span class='ocrx_word' id='word_1_96' title='bbox 1527 1228 1781 1300; x_wconf 88' lang='lat' dir='ltr'><strong>Theologi</strong></span> <span class='ocrx_word' id='word_1_97' title='bbox 1816 1227 1966 1282; x_wconf 91' lang='lat' dir='ltr'><strong>etiam</strong></span> <span class='ocrx_word' id='word_1_98' title='bbox 2003 1246 2074 1281; x_wconf 83' lang='lat' dir='ltr'><strong>ex</strong></span> <span class='ocrx_word' id='word_1_99' title='bbox 2101 1228 2186 1282; x_wconf 88' lang='lat' dir='ltr'><strong>ad-</strong></span> 
     </span>
     <span class='ocr_line' id='line_1_14' title="bbox 332 1314 2185 1371; baseline -0.001 -1"><span class='ocrx_word' id='word_1_100' title='bbox 332 1315 579 1371; x_wconf 85' lang='lat' dir='ltr'><strong>versariis</strong></span> <span class='ocrx_word' id='word_1_101' title='bbox 640 1314 979 1369; x_wconf 86' lang='lat' dir='ltr'><strong>disertissime</strong></span> <span class='ocrx_word' id='word_1_102' title='bbox 1037 1317 1381 1370; x_wconf 86' lang='lat' dir='ltr'><strong>confutarunt.</strong></span> <span class='ocrx_word' id='word_1_103' title='bbox 1458 1317 1592 1371; x_wconf 91' lang='lat' dir='ltr'><strong>Hinc</strong></span> <span class='ocrx_word' id='word_1_104' title='bbox 1633 1317 1783 1370; x_wconf 89' lang='lat' dir='ltr'><strong>etiam</strong></span> <span class='ocrx_word' id='word_1_105' title='bbox 1823 1315 2185 1369; x_wconf 88' lang='lat' dir='ltr'><strong>Richerianum</strong></span> 
     </span>
     <span class='ocr_line' id='line_1_15' title="bbox 333 1401 2189 1477; baseline 0 -21"><span class='ocrx_word' id='word_1_106' title='bbox 333 1413 592 1475; x_wconf 81' lang='lat' dir='ltr'><strong>systema,</strong></span> <span class='ocrx_word' id='word_1_107' title='bbox 642 1421 743 1474; x_wconf 83' lang='lat' dir='ltr'><strong>quo</strong></span> <span class='ocrx_word' id='word_1_108' title='bbox 780 1401 1163 1471; x_wconf 83' lang='lat' dir='ltr'><strong>Ecclesiastica-</strong></span> <span class='ocrx_word' id='word_1_109' title='bbox 1185 1404 1476 1476; x_wconf 83' lang='lat' dir='ltr'><strong>jurisdictio</strong></span> <span class='ocrx_word' id='word_1_110' title='bbox 1525 1404 1762 1477; x_wconf 86' lang='lat' dir='ltr'><strong>primario</strong></span> <span class='ocrx_word' id='word_1_111' title='bbox 1806 1413 1859 1456; x_wconf 91' lang='lat' dir='ltr'><strong>et</strong></span> <span class='ocrx_word' id='word_1_112' title='bbox 1895 1403 2097 1477; x_wconf 86' lang='lat' dir='ltr'><strong>proprie</strong></span> <span class='ocrx_word' id='word_1_113' title='bbox 2137 1414 2189 1457; x_wconf 91' lang='lat' dir='ltr'><strong>et</strong></span> 
     </span>
     <span class='ocr_line' id='line_1_16' title="bbox 334 1488 2187 1555; baseline 0.001 -11"><span class='ocrx_word' id='word_1_114' title='bbox 334 1488 676 1546; x_wconf 79' lang='lat' dir='ltr'><strong>essentialiter</strong></span> <span class='ocrx_word' id='word_1_115' title='bbox 726 1488 988 1545; x_wconf 81' lang='lat' dir='ltr'><strong>Ecclesiae</strong></span> <span class='ocrx_word' id='word_1_116' title='bbox 1039 1490 1157 1544; x_wconf 83' lang='lat' dir='ltr'><strong>data</strong></span> <span class='ocrx_word' id='word_1_117' title='bbox 1213 1501 1264 1544; x_wconf 89' lang='lat' dir='ltr'><strong>et</strong></span> <span class='ocrx_word' id='word_1_118' title='bbox 1313 1493 1585 1547; x_wconf 85' lang='lat' dir='ltr'><strong>convenire</strong></span> <span class='ocrx_word' id='word_1_119' title='bbox 1633 1490 1912 1555; x_wconf 71' lang='lat' dir='ltr'><strong>traditur,</strong></span> <span class='ocrx_word' id='word_1_120' title='bbox 1952 1488 2187 1545; x_wconf 88' lang='lat' dir='ltr'><strong>Romano</strong></span> 
     </span>
     <span class='ocr_line' id='line_1_17' title="bbox 335 1576 2186 1651; baseline 0.001 -20"><span class='ocrx_word' id='word_1_121' title='bbox 335 1588 502 1632; x_wconf 89' lang='lat' dir='ltr'><strong>autem</strong></span> <span class='ocrx_word' id='word_1_122' title='bbox 528 1576 768 1630; x_wconf 89' lang='lat' dir='ltr'><strong>Pontifici</strong></span> <span class='ocrx_word' id='word_1_123' title='bbox 802 1587 952 1647; x_wconf 88' lang='lat' dir='ltr'><strong>atque</strong></span> <span class='ocrx_word' id='word_1_124' title='bbox 987 1579 1097 1631; x_wconf 91' lang='lat' dir='ltr'><strong>aliis</strong></span> <span class='ocrx_word' id='word_1_125' title='bbox 1125 1577 1393 1650; x_wconf 88' lang='lat' dir='ltr'><strong>Episcopis</strong></span> <span class='ocrx_word' id='word_1_126' title='bbox 1430 1581 1854 1632; x_wconf 77' lang='lat' dir='ltr'><strong>ministerialiter</strong></span> <span class='ocrx_word' id='word_1_127' title='bbox 1885 1589 2186 1651; x_wconf 75' lang='lat' dir='ltr'><strong>competere,</strong></span> 
     </span>
     <span class='ocr_line' id='line_1_18' title="bbox 335 1665 2187 1738; baseline 0.001 -20"><span class='ocrx_word' id='word_1_128' title='bbox 335 1674 387 1718; x_wconf 86' lang='lat' dir='ltr'><strong>et</strong></span> <span class='ocrx_word' id='word_1_129' title='bbox 435 1667 622 1735; x_wconf 79' lang='lat' dir='ltr'><strong>quoad</strong></span> <span class='ocrx_word' id='word_1_130' title='bbox 669 1668 1038 1717; x_wconf 74' lang='lat' dir='ltr'><strong>executionem</strong></span> <span class='ocrx_word' id='word_1_131' title='bbox 1087 1674 1316 1732; x_wconf 80' lang='lat' dir='ltr'><strong>tantu1n3</strong></span> <span class='ocrx_word' id='word_1_132' title='bbox 1377 1665 1502 1732; x_wconf 87' lang='lat' dir='ltr'><strong>hoc,</strong></span> <span class='ocrx_word' id='word_1_133' title='bbox 1559 1666 1794 1736; x_wconf 86' lang='lat' dir='ltr'><strong>inquam,</strong></span> <span class='ocrx_word' id='word_1_134' title='bbox 1852 1676 2078 1738; x_wconf 87' lang='lat' dir='ltr'><strong>systema</strong></span> <span class='ocrx_word' id='word_1_135' title='bbox 2128 1668 2187 1720; x_wconf 90' lang='lat' dir='ltr'><strong>ab</strong></span> 
     </span>
     <span class='ocr_line' id='line_1_19' title="bbox 331 1750 2188 1828; baseline 0.002 -23"><span class='ocrx_word' id='word_1_136' title='bbox 331 1751 594 1805; x_wconf 89' lang='lat' dir='ltr'><strong>Edmundo</strong></span> <span class='ocrx_word' id='word_1_137' title='bbox 635 1750 879 1805; x_wconf 90' lang='lat' dir='ltr'><strong>Richerio</strong></span> <span class='ocrx_word' id='word_1_138' title='bbox 918 1753 1235 1827; x_wconf 84' lang='lat' dir='ltr'><strong>propositum</strong></span> <span class='ocrx_word' id='word_1_139' title='bbox 1273 1752 1327 1805; x_wconf 92' lang='lat' dir='ltr'><strong>in</strong></span> <span class='ocrx_word' id='word_1_140' title='bbox 1366 1753 1495 1828; x_wconf 90' lang='lat' dir='ltr'><strong>libro</strong></span> <span class='ocrx_word' id='word_1_141' title='bbox 1529 1755 1633 1827; x_wconf 70' lang='lat' dir='ltr'><strong>¹De</strong></span> <span class='ocrx_word' id='word_1_142' title='bbox 1671 1755 2060 1807; x_wconf 81' lang='lat' dir='ltr'><strong>Ecclesiastica</strong></span> <span class='ocrx_word' id='word_1_143' title='bbox 2091 1774 2188 1824; x_wconf 81' lang='lat' dir='ltr'><strong>po-</strong></span> 
     </span>
     <span class='ocr_line' id='line_1_20' title="bbox 333 1834 2187 1914; baseline 0.001 -20"><span class='ocrx_word' id='word_1_144' title='bbox 333 1849 555 1906; x_wconf 79' lang='lat' dir='ltr'><strong>testate,</strong></span> <span class='ocrx_word' id='word_1_145' title='bbox 606 1850 662 1892; x_wconf 89' lang='lat' dir='ltr'><strong>ut</strong></span> <span class='ocrx_word' id='word_1_146' title='bbox 702 1840 914 1912; x_wconf 88' lang='lat' dir='ltr'><strong>primum</strong></span> <span class='ocrx_word' id='word_1_147' title='bbox 951 1840 1005 1892; x_wconf 91' lang='lat' dir='ltr'><strong>in</strong></span> <span class='ocrx_word' id='word_1_148' title='bbox 1044 1836 1225 1894; x_wconf 87' lang='lat' dir='ltr'><strong>Galliis</strong></span> <span class='ocrx_word' id='word_1_149' title='bbox 1261 1834 1494 1912; x_wconf 82' lang='lat' dir='ltr'><strong>prodiit,</strong></span> <span class='ocrx_word' id='word_1_150' title='bbox 1526 1840 1699 1894; x_wconf 88' lang='lat' dir='ltr'><strong>statim</strong></span> <span class='ocrx_word' id='word_1_151' title='bbox 1749 1841 1802 1893; x_wconf 91' lang='lat' dir='ltr'><strong>in</strong></span> <span class='ocrx_word' id='word_1_152' title='bbox 1843 1842 2032 1895; x_wconf 89' lang='lat' dir='ltr'><strong>duobus</strong></span> <span class='ocrx_word' id='word_1_153' title='bbox 2070 1861 2187 1914; x_wconf 91' lang='lat' dir='ltr'><strong>pro-</strong></span> 
     </span>
     <span class='ocr_line' id='line_1_21' title="bbox 332 1926 2186 2004; baseline -0.001 -21"><span class='ocrx_word' id='word_1_154' title='bbox 332 1928 639 1985; x_wconf 84' lang='lat' dir='ltr'><strong>vincialibus</strong></span> <span class='ocrx_word' id='word_1_155' title='bbox 689 1926 934 2001; x_wconf 87' lang='lat' dir='ltr'><strong>Conciliis</strong></span> <span class='ocrx_word' id='word_1_156' title='bbox 987 1926 1276 1983; x_wconf 88' lang='lat' dir='ltr'><strong>Senonensi</strong></span> <span class='ocrx_word' id='word_1_157' title='bbox 1325 1938 1377 1982; x_wconf 88' lang='lat' dir='ltr'><strong>et</strong></span> <span class='ocrx_word' id='word_1_158' title='bbox 1425 1927 1659 1999; x_wconf 87' lang='lat' dir='ltr'><strong>Aquensi</strong></span> <span class='ocrx_word' id='word_1_159' title='bbox 1710 1929 2062 2004; x_wconf 87' lang='lat' dir='ltr'><strong>reprobatum</strong></span> <span class='ocrx_word' id='word_1_160' title='bbox 2079 1929 2186 1996; x_wconf 88' lang='lat' dir='ltr'><strong>fuit,</strong></span> 
     </span>
     <span class='ocr_line' id='line_1_22' title="bbox 335 1999 2191 2092; baseline 0.001 -23"><span class='ocrx_word' id='word_1_161' title='bbox 335 2026 386 2069; x_wconf 90' lang='lat' dir='ltr'><strong>et</strong></span> <span class='ocrx_word' id='word_1_162' title='bbox 434 2036 465 2068; x_wconf 90' lang='lat' dir='ltr'><strong>a</strong></span> <span class='ocrx_word' id='word_1_163' title='bbox 516 2004 702 2069; x_wconf 84' lang='lat' dir='ltr'><strong>doctis</strong></span> <span class='ocrx_word' id='word_1_164' title='bbox 716 1999 999 2069; x_wconf 81' lang='lat' dir='ltr'><strong>Gallicanis</strong></span> <span class='ocrx_word' id='word_1_165' title='bbox 1035 2013 1413 2087; x_wconf 77' lang='lat' dir='ltr'><strong>Scriptoiibus,</strong></span> <span class='ocrx_word' id='word_1_166' title='bbox 1469 2015 1754 2092; x_wconf 79' lang='lat' dir='ltr'><strong>manifestis</strong></span> <span class='ocrx_word' id='word_1_167' title='bbox 1791 2014 2123 2089; x_wconf 81' lang='lat' dir='ltr'><strong>Scripturae</strong></span> <span class='ocrx_word' id='word_1_168' title='bbox 2137 2028 2191 2072; x_wconf 86' lang='lat' dir='ltr'><strong>et</strong></span> 
     </span>
     <span class='ocr_line' id='line_1_23' title="bbox 333 2088 2187 2159; baseline 0.002 -5"><span class='ocrx_word' id='word_1_169' title='bbox 333 2113 383 2154; x_wconf 90' lang='lat' dir='ltr'><strong>t1</strong></span> <span class='ocrx_word' id='word_1_170' title='bbox 387 2102 623 2156; x_wconf 78' lang='lat' dir='ltr'><strong>admonls</strong></span> <span class='ocrx_word' id='word_1_171' title='bbox 663 2094 974 2156; x_wconf 88' lang='lat' dir='ltr'><strong>documentis</strong></span> <span class='ocrx_word' id='word_1_172' title='bbox 1013 2104 1342 2158; x_wconf 83' lang='lat' dir='ltr'><strong>confutatum.</strong></span> <span class='ocrx_word' id='word_1_173' title='bbox 1420 2102 1554 2159; x_wconf 81' lang='lat' dir='ltr'><strong>Vide</strong></span> <span class='ocrx_word' id='word_1_174' title='bbox 1602 2088 1738 2156; x_wconf 85' lang='lat' dir='ltr'><strong>inter</strong></span> <span class='ocrx_word' id='word_1_175' title='bbox 1790 2102 1916 2157; x_wconf 85' lang='lat' dir='ltr'><strong>alios</strong></span> <span class='ocrx_word' id='word_1_176' title='bbox 1954 2103 2018 2157; x_wconf 92' lang='lat' dir='ltr'><strong>P.</strong></span> <span class='ocrx_word' id='word_1_177' title='bbox 2060 2103 2187 2158; x_wconf 94' lang='lat' dir='ltr'><strong>Dio-</strong></span> 
     </span>
     <span class='ocr_line' id='line_1_24' title="bbox 338 2189 2183 2263; baseline 0.001 -20"><span class='ocrx_word' id='word_1_178' title='bbox 338 2190 543 2262; x_wconf 79' lang='lat' dir='ltr'><strong>nysium</strong></span> <span class='ocrx_word' id='word_1_179' title='bbox 577 2189 847 2244; x_wconf 84' lang='lat' dir='ltr'><strong>Petavium</strong></span> <span class='ocrx_word' id='word_1_180' title='bbox 886 2189 970 2242; x_wconf 90' lang='lat' dir='ltr'><strong>lib.</strong></span> <span class='ocrx_word' id='word_1_181' title='bbox 1008 2190 1060 2243; x_wconf 85' lang='lat'><strong>3.</strong></span> <span class='ocrx_word' id='word_1_182' title='bbox 1103 2192 1558 2254; x_wconf 78' lang='lat' dir='ltr'><strong>DeHierarclzia</strong></span> <span class='ocrx_word' id='word_1_183' title='bbox 1585 2193 1794 2244; x_wconf 76' lang='lat' dir='ltr'><strong>EccleS.</strong></span> <span class='ocrx_word' id='word_1_184' title='bbox 1823 2210 1867 2244; x_wconf 91' lang='lat' dir='ltr'><strong>c.</strong></span> <span class='ocrx_word' id='word_1_185' title='bbox 1900 2191 1969 2244; x_wconf 82' lang='lat'><strong>14</strong></span> <span class='ocrx_word' id='word_1_186' title='bbox 1995 2201 2046 2244; x_wconf 91' lang='lat' dir='ltr'><strong>et</strong></span> <span class='ocrx_word' id='word_1_187' title='bbox 2073 2211 2183 2263; x_wconf 90' lang='lat' dir='ltr'><strong>sqq.</strong></span> 
     </span>
     <span class='ocr_line' id='line_1_25' title="bbox 335 2275 2187 2349; baseline 0.002 -19"><span class='ocrx_word' id='word_1_188' title='bbox 335 2275 528 2346; x_wconf 80' lang='lat' dir='ltr'><strong>Quodsi</strong></span> <span class='ocrx_word' id='word_1_189' title='bbox 554 2276 611 2332; x_wconf 89' lang='lat' dir='ltr'><strong>S.</strong></span> <span class='ocrx_word' id='word_1_190' title='bbox 640 2277 963 2348; x_wconf 87' lang='lat' dir='ltr'><strong>Augustinus</strong></span> <span class='ocrx_word' id='word_1_191' title='bbox 1004 2278 1186 2349; x_wconf 89' lang='lat' dir='ltr'><strong>aliique</strong></span> <span class='ocrx_word' id='word_1_192' title='bbox 1225 2278 1452 2333; x_wconf 89' lang='lat' dir='ltr'><strong>nonnulli</strong></span> <span class='ocrx_word' id='word_1_193' title='bbox 1477 2277 1668 2333; x_wconf 88' lang='lat' dir='ltr'><strong>Patres</strong></span> <span class='ocrx_word' id='word_1_194' title='bbox 1707 2277 1887 2335; x_wconf 90' lang='lat' dir='ltr'><strong>alicubi</strong></span> <span class='ocrx_word' id='word_1_195' title='bbox 1915 2280 2187 2346; x_wconf 85' lang='lat' dir='ltr'><strong>affirmant,</strong></span> 
     </span>
     <span class='ocr_line' id='line_1_26' title="bbox 335 2363 2188 2439; baseline 0.002 -20"><span class='ocrx_word' id='word_1_196' title='bbox 335 2367 503 2420; x_wconf 83' lang='lat' dir='ltr'><strong>claves</strong></span> <span class='ocrx_word' id='word_1_197' title='bbox 543 2365 690 2437; x_wconf 87' lang='lat' dir='ltr'><strong>regni</strong></span> <span class='ocrx_word' id='word_1_198' title='bbox 727 2366 1009 2431; x_wconf 89' lang='lat' dir='ltr'><strong>coelorum,</strong></span> <span class='ocrx_word' id='word_1_199' title='bbox 1048 2366 1096 2419; x_wconf 86' lang='lat' dir='ltr'><strong>id</strong></span> <span class='ocrx_word' id='word_1_200' title='bbox 1137 2376 1216 2421; x_wconf 88' lang='lat' dir='ltr'><strong>est</strong></span> <span class='ocrx_word' id='word_1_201' title='bbox 1244 2366 1647 2439; x_wconf 88' lang='lat' dir='ltr'><strong>jurisdictionem</strong></span> <span class='ocrx_word' id='word_1_202' title='bbox 1671 2363 2118 2433; x_wconf 86' lang='lat' dir='ltr'><strong>Ecclesiasticam,</strong></span> <span class='ocrx_word' id='word_1_203' title='bbox 2158 2387 2188 2422; x_wconf 88' lang='lat' dir='ltr'><strong>a</strong></span> 
     </span>
     <span class='ocr_line' id='line_1_27' title="bbox 335 2451 2187 2522; baseline 0 -14"><span class='ocrx_word' id='word_1_204' title='bbox 335 2452 546 2508; x_wconf 89' lang='lat' dir='ltr'><strong>Christo</strong></span> <span class='ocrx_word' id='word_1_205' title='bbox 612 2453 755 2506; x_wconf 89' lang='lat' dir='ltr'><strong>datas</strong></span> <span class='ocrx_word' id='word_1_206' title='bbox 805 2453 962 2507; x_wconf 79' lang='lat' dir='ltr'><strong>fuisse</strong></span> <span class='ocrx_word' id='word_1_207' title='bbox 1012 2451 1275 2513; x_wconf 83' lang='lat' dir='ltr'><strong>Ecclesiae</strong></span> <span class='ocrx_word' id='word_1_208' title='bbox 1325 2455 1382 2507; x_wconf 35' lang='lat' dir='ltr'><strong>in&gt;</strong></span> <span class='ocrx_word' id='word_1_209' title='bbox 1428 2452 1497 2507; x_wconf 89' lang='lat' dir='ltr'><strong>S.·</strong></span> <span class='ocrx_word' id='word_1_210' title='bbox 1539 2452 1733 2518; x_wconf 88' lang='lat' dir='ltr'><strong>Petro,</strong></span> <span class='ocrx_word' id='word_1_211' title='bbox 1789 2453 1874 2522; x_wconf 89' lang='lat' dir='ltr'><strong>qui</strong></span> <span class='ocrx_word' id='word_1_212' title='bbox 1922 2451 2187 2508; x_wconf 89' lang='lat' dir='ltr'><strong>Ecclesiae</strong></span> 
     </span>
     <span class='ocr_line' id='line_1_28' title="bbox 333 2539 2187 2613; baseline -0.001 -17"><span class='ocrx_word' id='word_1_213' title='bbox 333 2541 547 2613; x_wconf 83' lang='lat' dir='ltr'><strong>figuram</strong></span> <span class='ocrx_word' id='word_1_214' title='bbox 584 2541 826 2611; x_wconf 67' lang='lat' dir='ltr'><strong>gerebat,</strong></span> <span class='ocrx_word' id='word_1_215' title='bbox 866 2550 966 2598; x_wconf 85' lang='lat' dir='ltr'><strong>non</strong></span> <span class='ocrx_word' id='word_1_216' title='bbox 1008 2554 1068 2596; x_wconf 73' lang='lat' dir='ltr'><strong>ea</strong></span> <span class='ocrx_word' id='word_1_217' title='bbox 1111 2541 1765 2605; x_wconf 58' lang='lat' dir='ltr'><strong>mente&#39;affir111arunt,·ae</strong></span> <span class='ocrx_word' id='word_1_218' title='bbox 1789 2539 1835 2595; x_wconf 83' lang='lat' dir='ltr'><strong>si</strong></span> <span class='ocrx_word' id='word_1_219' title='bbox 1860 2539 2055 2606; x_wconf 82' lang='lat' dir='ltr'><strong>claveS,</strong></span> <span class='ocrx_word' id='word_1_220' title='bbox 2097 2560 2187 2596; x_wconf 88' lang='lat' dir='ltr'><strong>seu</strong></span> 
     </span>
     <span class='ocr_line' id='line_1_29' title="bbox 328 2625 2188 2701; baseline 0.002 -21"><span class='ocrx_word' id='word_1_221' title='bbox 328 2626 734 2699; x_wconf 80' lang='lat' dir='ltr'><strong>jurisdictionem</strong></span> <span class='ocrx_word' id='word_1_222' title='bbox 781 2626 879 2700; x_wconf 88' lang='lat' dir='ltr'><strong>ipsi</strong></span> <span class='ocrx_word' id='word_1_223' title='bbox 915 2626 1200 2683; x_wconf 82' lang='lat' dir='ltr'><strong>immediate</strong></span> <span class='ocrx_word' id='word_1_224' title='bbox 1239 2625 1476 2683; x_wconf 83' lang='lat' dir='ltr'><strong>Christus</strong></span> <span class='ocrx_word' id='word_1_225' title='bbox 1516 2646 1617 2683; x_wconf 87' lang='lat' dir='ltr'><strong>non</strong></span> <span class='ocrx_word' id='word_1_226' title='bbox 1654 2627 1876 2695; x_wconf 85' lang='lat' dir='ltr'><strong>dederit,</strong></span> <span class='ocrx_word' id='word_1_227' title='bbox 1899 2659 1903 2662; x_wconf 93' lang='lat'><em>-</em></span> <span class='ocrx_word' id='word_1_228' title='bbox 1929 2635 2024 2687; x_wconf 86' lang='lat' dir='ltr'><strong>nec</strong></span> <span class='ocrx_word' id='word_1_229' title='bbox 2068 2645 2188 2701; x_wconf 87' lang='lat' dir='ltr'><strong>pro-</strong></span> 
     </span>
     <span class='ocr_line' id='line_1_30' title="bbox 335 2713 2186 2788; baseline 0.001 -21"><span class='ocrx_word' id='word_1_230' title='bbox 335 2713 558 2771; x_wconf 83' lang='lat' dir='ltr'><strong>miserit:</strong></span> <span class='ocrx_word' id='word_1_231' title='bbox 609 2715 768 2787; x_wconf 88' lang='lat' dir='ltr'><strong>(quod</strong></span> <span class='ocrx_word' id='word_1_232' title='bbox 815 2725 1069 2788; x_wconf 84' lang='lat' dir='ltr'><strong>repugnat</strong></span> <span class='ocrx_word' id='word_1_233' title='bbox 1117 2715 1288 2771; x_wconf 86' lang='lat' dir='ltr'><strong>verbis</strong></span> <span class='ocrx_word' id='word_1_234' title='bbox 1337 2716 1457 2768; x_wconf 82' lang='lat' dir='ltr'><strong>Tibi</strong></span> <span class='ocrx_word' id='word_1_235' title='bbox 1493 2716 1634 2769; x_wconf 77' lang='lat' dir='ltr'><strong>dabo</strong></span> <span class='ocrx_word' id='word_1_236' title='bbox 1674 2713 1910 2786; x_wconf 65' lang='lat' dir='ltr'><strong>claves),</strong></span> <span class='ocrx_word' id='word_1_237' title='bbox 1947 2718 2053 2770; x_wconf 82' lang='lat' dir='ltr'><strong>-sed</strong></span> <span class='ocrx_word' id='word_1_238' title='bbox 2098 2717 2186 2770; x_wconf 83' lang='lat' dir='ltr'><strong>du-</strong></span> 
     </span>
     <span class='ocr_line' id='line_1_31' title="bbox 336 2801 2190 2875; baseline 0.003 -21"><span class='ocrx_word' id='word_1_239' title='bbox 336 2801 450 2875; x_wconf 85' lang='lat' dir='ltr'><strong>plici</strong></span> <span class='ocrx_word' id='word_1_240' title='bbox 475 2802 674 2871; x_wconf 78' lang='lat' dir='ltr'><strong>ratione</strong></span> <span class='ocrx_word' id='word_1_241' title='bbox 701 2804 1046 2870; x_wconf 79' lang='lat' dir='ltr'><strong>affirmarunt,</strong></span> <span class='ocrx_word' id='word_1_242' title='bbox 1086 2814 1191 2858; x_wconf 87' lang='lat' dir='ltr'><strong>tum</strong></span> <span class='ocrx_word' id='word_1_243' title='bbox 1219 2803 1332 2875; x_wconf 87' lang='lat' dir='ltr'><strong>quia</strong></span> <span class='ocrx_word' id='word_1_244' title='bbox 1361 2802 1521 2858; x_wconf 85' lang='lat' dir='ltr'><strong>Petro</strong></span> <span class='ocrx_word' id='word_1_245' title='bbox 1539 2802 1587 2875; x_wconf 87' lang='lat'><strong>¹)</strong></span> <span class='ocrx_word' id='word_1_246' title='bbox 1614 2803 1823 2857; x_wconf 89' lang='lat' dir='ltr'><strong>unitatis</strong></span> <span class='ocrx_word' id='word_1_247' title='bbox 1848 2813 1903 2856; x_wconf 85' lang='lat' dir='ltr'><strong>et</strong></span> <span class='ocrx_word' id='word_1_248' title='bbox 1925 2801 2190 2860; x_wconf 84' lang='lat' dir='ltr'><strong>Ecclesiae</strong></span> 
     </span>
    </p>
   </div>
   <div class='ocr_carea' id='block_1_3' title="bbox 338 2992 2190 3467">
    <p class='ocr_par' dir='ltr' id='par_1_4' title="bbox 338 2992 2190 3287">
     <span class='ocr_line' id='line_1_32' title="bbox 338 2992 2187 3050; baseline 0 -16"><span class='ocrx_word' id='word_1_249' title='bbox 338 2995 478 3035; x_wconf 80' lang='lat' dir='ltr'><strong>claves</strong></span> <span class='ocrx_word' id='word_1_250' title='bbox 500 2994 747 3047; x_wconf 77' lang='lat' dir='ltr'><strong>Ecclesiae,</strong></span> <span class='ocrx_word' id='word_1_251' title='bbox 777 3008 849 3035; x_wconf 85' lang='lat' dir='ltr'><strong>seu</strong></span> <span class='ocrx_word' id='word_1_252' title='bbox 881 2997 1220 3047; x_wconf 73' lang='lat' dir='ltr'><strong>jurisdictionem</strong></span> <span class='ocrx_word' id='word_1_253' title='bbox 1250 2995 1596 3037; x_wconf 78' lang='lat' dir='ltr'><strong>Ecclesiasticam</strong></span> <span class='ocrx_word' id='word_1_254' title='bbox 1628 3009 1655 3036; x_wconf 83' lang='lat' dir='ltr'><strong>a</strong></span> <span class='ocrx_word' id='word_1_255' title='bbox 1685 2992 2187 3050; x_wconf 65' lang='lat' dir='ltr'><strong>Christo‘accepisse&#39;in-</strong></span> 
     </span>
     <span class='ocr_line' id='line_1_33' title="bbox 338 3055 2185 3111; baseline 0.001 -17"><span class='ocrx_word' id='word_1_256' title='bbox 338 3055 476 3103; x_wconf 87' lang='lat' dir='ltr'><strong>dicat,</strong></span> <span class='ocrx_word' id='word_1_257' title='bbox 519 3057 746 3107; x_wconf 75' lang='lat' dir='ltr'><strong>antequam</strong></span> <span class='ocrx_word' id='word_1_258' title='bbox 785 3055 897 3097; x_wconf 83' lang='lat' dir='ltr'><strong>idem</strong></span> <span class='ocrx_word' id='word_1_259' title='bbox 924 3057 1117 3105; x_wconf 84' lang='lat' dir='ltr'><strong>Christus</strong></span> <span class='ocrx_word' id='word_1_260' title='bbox 1148 3069 1274 3109; x_wconf 80' lang='lat' dir='ltr'><strong>super</strong></span> <span class='ocrx_word' id='word_1_261' title='bbox 1304 3057 1437 3109; x_wconf 88' lang='lat' dir='ltr'><strong>ipsum</strong></span> <span class='ocrx_word' id='word_1_262' title='bbox 1467 3055 1997 3111; x_wconf 52' lang='lat' dir='ltr'><strong>aedificareg·Ecclesiam.</strong></span> <span class='ocrx_word' id='word_1_263' title='bbox 2058 3055 2185 3096; x_wconf 84' lang='lat' dir='ltr'><strong>Petro</strong></span> 
     </span>
     <span class='ocr_line' id='line_1_34' title="bbox 338 3111 2185 3170; baseline 0.001 -16"><span class='ocrx_word' id='word_1_264' title='bbox 338 3115 528 3166; x_wconf 82' lang='lat' dir='ltr'><strong>quidem,</strong></span> <span class='ocrx_word' id='word_1_265' title='bbox 564 3127 647 3154; x_wconf 91' lang='lat' dir='ltr'><strong>non</strong></span> <span class='ocrx_word' id='word_1_266' title='bbox 680 3116 817 3155; x_wconf 82' lang='lat' dir='ltr'><strong>autem</strong></span> <span class='ocrx_word' id='word_1_267' title='bbox 847 3114 1063 3158; x_wconf 75' lang='lat' dir='ltr'><strong>Ecclesiae</strong></span> <span class='ocrx_word' id='word_1_268' title='bbox 1094 3118 1234 3158; x_wconf 81' lang='lat' dir='ltr'><strong>claves</strong></span> <span class='ocrx_word' id='word_1_269' title='bbox 1265 3130 1290 3157; x_wconf 87' lang='lat' dir='ltr'><strong>a</strong></span> <span class='ocrx_word' id='word_1_270' title='bbox 1322 3117 1492 3157; x_wconf 83' lang='lat' dir='ltr'><strong>Christo</strong></span> <span class='ocrx_word' id='word_1_271' title='bbox 1525 3111 1726 3167; x_wconf 80' lang='lat' dir='ltr'><strong>traditas,</strong></span> <span class='ocrx_word' id='word_1_272' title='bbox 1759 3115 1850 3170; x_wconf 83' lang='lat' dir='ltr'><strong>ipsa</strong></span> <span class='ocrx_word' id='word_1_273' title='bbox 1873 3112 2034 3154; x_wconf 84' lang='lat' dir='ltr'><strong>Christi</strong></span> <span class='ocrx_word' id='word_1_274' title='bbox 2057 3114 2185 3155; x_wconf 85' lang='lat' dir='ltr'><strong>verba</strong></span> 
     </span>
     <span class='ocr_line' id='line_1_35' title="bbox 338 3172 2190 3229; baseline 0.001 -16"><span class='ocrx_word' id='word_1_275' title='bbox 338 3176 471 3226; x_wconf 82' lang='lat' dir='ltr'><strong>palam</strong></span> <span class='ocrx_word' id='word_1_276' title='bbox 504 3174 771 3226; x_wconf 79' lang='lat' dir='ltr'><strong>significant,</strong></span> <span class='ocrx_word' id='word_1_277' title='bbox 816 3188 908 3216; x_wconf 88' lang='lat' dir='ltr'><strong>cum</strong></span> <span class='ocrx_word' id='word_1_278' title='bbox 938 3172 1035 3229; x_wconf 75' lang='lat' dir='ltr'><strong>post</strong></span> <span class='ocrx_word' id='word_1_279' title='bbox 1067 3178 1196 3219; x_wconf 78' lang='lat' dir='ltr'><strong>verba</strong></span> <span class='ocrx_word' id='word_1_280' title='bbox 1227 3177 1470 3220; x_wconf 65' lang='lat' dir='ltr'><strong>Ecclesiam</strong></span> <span class='ocrx_word' id='word_1_281' title='bbox 1492 3178 1662 3225; x_wconf 67' lang='lat' dir='ltr'><strong>,meam,</strong></span> <span class='ocrx_word' id='word_1_282' title='bbox 1704 3179 1785 3215; x_wconf 79' lang='lat' dir='ltr'><strong>non</strong></span> <span class='ocrx_word' id='word_1_283' title='bbox 1819 3173 1971 3214; x_wconf 70' lang='lat' dir='ltr'><strong>dixerit</strong></span> <span class='ocrx_word' id='word_1_284' title='bbox 2000 3173 2081 3228; x_wconf 81' lang='lat' dir='ltr'><strong>Ei,</strong></span> <span class='ocrx_word' id='word_1_285' title='bbox 2111 3175 2190 3216; x_wconf 48' lang='lat' dir='ltr'><strong>sed*</strong></span> 
     </span>
     <span class='ocr_line' id='line_1_36' title="bbox 349 3235 1205 3287; baseline 0.009 -14"><span class='ocrx_word' id='word_1_286' title='bbox 349 3235 476 3274; x_wconf 83' lang='grc' dir='ltr'><em>ΤῙΒΙ</em></span> <span class='ocrx_word' id='word_1_287' title='bbox 506 3237 613 3276; x_wconf 79' lang='lat' dir='ltr'><strong>dabo</strong></span> <span class='ocrx_word' id='word_1_288' title='bbox 648 3237 787 3277; x_wconf 84' lang='lat' dir='ltr'><strong>claves</strong></span> <span class='ocrx_word' id='word_1_289' title='bbox 819 3237 946 3287; x_wconf 81' lang='lat' dir='ltr'><strong>regni</strong></span> <span class='ocrx_word' id='word_1_290' title='bbox 978 3240 1205 3285; x_wconf 73' lang='lat' dir='ltr'><strong>coelorum.</strong></span> 
     </span>
    </p>

    <p class='ocr_par' dir='ltr' id='par_1_5' title="bbox 341 3290 2185 3467">
     <span class='ocr_line' id='line_1_37' title="bbox 409 3290 2185 3350; baseline 0 -16"><span class='ocrx_word' id='word_1_291' title='bbox 409 3290 443 3345; x_wconf 86' lang='lat'><strong>¹)</strong></span> <span class='ocrx_word' id='word_1_292' title='bbox 476 3296 662 3335; x_wconf 88' lang='lat' dir='ltr'><strong>Unitatis</strong></span> <span class='ocrx_word' id='word_1_293' title='bbox 695 3299 738 3339; x_wconf 76' lang='lat' dir='ltr'><strong>et</strong></span> <span class='ocrx_word' id='word_1_294' title='bbox 769 3295 989 3337; x_wconf 82' lang='lat' dir='ltr'><strong>Ecclesiae</strong></span> <span class='ocrx_word' id='word_1_295' title='bbox 1020 3298 1192 3349; x_wconf 82' lang='lat' dir='ltr'><strong>figuram</strong></span> <span class='ocrx_word' id='word_1_296' title='bbox 1225 3311 1275 3338; x_wconf 83' lang='lat' dir='ltr'><strong>ac</strong></span> <span class='ocrx_word' id='word_1_297' title='bbox 1307 3302 1450 3350; x_wconf 88' lang='lat' dir='ltr'><strong>typum</strong></span> <span class='ocrx_word' id='word_1_298' title='bbox 1481 3297 1523 3335; x_wconf 89' lang='lat' dir='ltr'><strong>in</strong></span> <span class='ocrx_word' id='word_1_299' title='bbox 1557 3296 1683 3335; x_wconf 83' lang='lat' dir='ltr'><strong>Petro</strong></span> <span class='ocrx_word' id='word_1_300' title='bbox 1715 3305 1797 3342; x_wconf 80' lang='lat' dir='ltr'><strong>non</strong></span> <span class='ocrx_word' id='word_1_301' title='bbox 1826 3305 1918 3333; x_wconf 84' lang='lat' dir='ltr'><strong>esse</strong></span> <span class='ocrx_word' id='word_1_302' title='bbox 1946 3293 2185 3346; x_wconf 82' lang='lat' dir='ltr'><strong>disjungen-</strong></span> 
     </span>
     <span class='ocr_line' id='line_1_38' title="bbox 341 3353 2185 3410; baseline 0 -17"><span class='ocrx_word' id='word_1_303' title='bbox 341 3353 435 3401; x_wconf 84' lang='lat' dir='ltr'><strong>dum</strong></span> <span class='ocrx_word' id='word_1_304' title='bbox 467 3367 493 3394; x_wconf 86' lang='lat' dir='ltr'><strong>a</strong></span> <span class='ocrx_word' id='word_1_305' title='bbox 518 3355 614 3405; x_wconf 81' lang='lat' dir='ltr'><strong>jure</strong></span> <span class='ocrx_word' id='word_1_306' title='bbox 648 3355 845 3404; x_wconf 68' lang='lat' dir='ltr'><strong>coactive</strong></span> <span class='ocrx_word' id='word_1_307' title='bbox 874 3356 930 3396; x_wconf 83' lang='lat' dir='ltr'><strong>ad</strong></span> <span class='ocrx_word' id='word_1_308' title='bbox 961 3358 1162 3399; x_wconf 79' lang='lat' dir='ltr'><strong>unitatem</strong></span> <span class='ocrx_word' id='word_1_309' title='bbox 1175 3388 1190 3405; x_wconf 63' lang='grc'><strong>,,</strong></span> <span class='ocrx_word' id='word_1_310' title='bbox 1216 3356 1404 3410; x_wconf 36' lang='lat' dir='ltr'><strong>:probavi</strong></span> <span class='ocrx_word' id='word_1_311' title='bbox 1444 3356 1488 3395; x_wconf 91' lang='lat' dir='ltr'><strong>in</strong></span> <span class='ocrx_word' id='word_1_312' title='bbox 1512 3354 1796 3407; x_wconf 63' lang='lat' dir='ltr'><strong>,praecedenti</strong></span> <span class='ocrx_word' id='word_1_313' title='bbox 1828 3353 1934 3393; x_wconf 86' lang='lat' dir='ltr'><strong>libro</strong></span> <span class='ocrx_word' id='word_1_314' title='bbox 1977 3353 2042 3395; x_wconf 83' lang='lat' dir='ltr'><strong>De</strong></span> <span class='ocrx_word' id='word_1_315' title='bbox 2070 3354 2116 3394; x_wconf 84' lang='lat' dir='ltr'><strong>vi</strong></span> <span class='ocrx_word' id='word_1_316' title='bbox 2148 3356 2185 3394; x_wconf 80' lang='lat' dir='ltr'><strong>et</strong></span> 
     </span>
     <span class='ocr_line' id='line_1_39' title="bbox 341 3412 2184 3467; baseline 0 -13"><span class='ocrx_word' id='word_1_317' title='bbox 341 3413 512 3454; x_wconf 77' lang='lat' dir='ltr'><strong>&#39;ratione</strong></span> <span class='ocrx_word' id='word_1_318' title='bbox 542 3415 758 3465; x_wconf 77' lang='lat' dir='ltr'><strong>primatus</strong></span> <span class='ocrx_word' id='word_1_319' title='bbox 791 3428 827 3458; x_wconf 89' lang='lat' dir='ltr'><strong>c.</strong></span> <span class='ocrx_word' id='word_1_320' title='bbox 861 3417 903 3465; x_wconf 85' lang='lat'><strong>9,</strong></span> <span class='ocrx_word' id='word_1_321' title='bbox 939 3429 1033 3467; x_wconf 83' lang='lat' dir='ltr'><strong>pag.</strong></span> <span class='ocrx_word' id='word_1_322' title='bbox 1066 3417 1119 3457; x_wconf 77' lang='lat'><strong>41</strong></span> <span class='ocrx_word' id='word_1_323' title='bbox 1157 3417 1304 3460; x_wconf 53' lang='lat' dir='ltr'><strong>et‘44.</strong></span> <span class='ocrx_word' id='word_1_324' title='bbox 1337 3416 1575 3467; x_wconf 83' lang='lat' dir='ltr'><strong>ibidemque</strong></span> <span class='ocrx_word' id='word_1_325' title='bbox 1606 3418 1829 3467; x_wconf 83' lang='lat' dir='ltr'><strong>praetere-a</strong></span> <span class='ocrx_word' id='word_1_326' title='bbox 1851 3413 2031 3464; x_wconf 81' lang='lat' dir='ltr'><strong>ostendi,</strong></span> <span class='ocrx_word' id='word_1_327' title='bbox 2064 3412 2184 3455; x_wconf 87' lang='lat' dir='ltr'><strong>chri-</strong></span> 
     </span>
    </p>
   </div>
  </div>
 </body>
</html>
