2326 3854
981 133 1597 189 mm*

368 298 531 352 riores
570 298 852 370 quicunque
901 299 1134 367 subesse,
1182 309 1233 351 et
1272 298 1586 352 subordinati
1624 315 1738 352 esse
1777 297 1959 351 debent
1995 317 2210 372 praepo*

368 384 479 438 sitis
539 385 674 454 suiS,
741 386 895 439 multo
948 385 1109 455 magis
1157 402 1351 439 summo
1402 385 1619 439 omnium
1671 385 1988 457 praeposit-0„
2061 397 2212 457 atque

366 473 558 544 pastori
624 473 935 526 subordinati
991 489 1104 525 esse
1161 471 1343 526 debent
1399 490 1573 526 omnes
1627 470 1897 526 inferiores
1951 473 2213 527 Ecclesiae

367 570 601 633 pastores
640 559 792 614 etiam
831 557 1093 631 Episcopi:
1142 560 1338 614 sublata
1387 560 1519 614 enim
1558 559 1971 613 subordinatione
2006 560 2213 613 inferio-

367 667 478 701 rum
540 657 798 720 pastorum
856 646 918 698 ad
977 663 1219 699 summum
1266 657 1523 719 pastorem
1570 647 1881 721 superiorem
1929 666 2071 701 suum
2088 687 2102 713 ‚
2164 644 2215 700 et

366 734 648 788 omnimoda
698 732 1004 804 aequalitate
1046 733 1178 806 juris
1230 734 1364 788 inter
1411 734 1551 807 ipsos
1603 735 1908 800 constituta,
1959 733 2069 804 quis
2111 751 2214 786 non

366 821 532 876 videat
567 819 764 874 facilem
804 831 982 893 patere
1014 821 1206 875 ‘aditum
1247 821 1307 874 ad
1346 821 1689 875 dissensiones
1729 832 1780 875 et
1818 821 2110 886 schismata,
2145 838 2216 874 ex

366 987 556 1034 alterum,
589 998 642 1026 ne
674 997 727 1026 ex
759 986 995 1027 omnimoda
1025 987 1285 1039 aequalitate
1318 987 1508 1027 oriantur
1540 987 1718 1027 dissidia
1749 991 1791 1027 et
1822 987 2043 1027 scissurae.
2065 989 2215 1028 contra

369 1048 522 1087 bonum
562 1046 739 1086 unitatis
770 1046 994 1087 Ecclesiae
1037 1048 1338 1097 necessarium3
1379 1048 1609 1088 Nicaenum
1643 1047 1876 1088 Concilium
1908 1059 1944 1090 c.
1977 1048 2020 1089 8.
2051 1047 2105 1086 de
2137 1048 2214 1087 Ca-

367 1107 497 1147 tbaris
527 1107 702 1155 statuit,
736 1110 782 1146 ut
817 1107 1003 1159 ipsorum
1019 1107 1246 1160 Episcopis
1278 1109 1332 1147 ad
1365 1109 1617 1149 catholicam
1644 1107 1881 1148 Ecclesiam
1899 1106 2213 1154 accedentibus,

366 1169 400 1207 si
433 1167 517 1207 sint
549 1167 603 1206 iis
635 1166 679 1206 in
709 1167 839 1220 locis,
870 1167 941 1206 ubi
972 1167 1244 1208 inveniuntur
1275 1168 1479 1221 Episcopi
1513 1168 1745 1218 catholici,
1776 1168 2030 1220 presbyterii
2061 1167 2211 1215 honor,

366 1231 439 1268 aut
481 1238 635 1267 merum
667 1227 869 1279 Episcopi
911 1239 1060 1268 nomen
1103 1228 1261 1280 absque
1294 1229 1529 1282 episcopali
1556 1231 1652 1281 jure
1686 1228 1917 1276 tribuatur,
1959 1240 2014 1268 ne
2044 1229 2093 1268 in
2122 1238 2215 1268 una

366 1288 542 1329 civitate
574 1287 658 1328 duo
689 1286 905 1340 Episcopi
934 1289 1170 1342 probentur
1201 1289 1406 1338 existere,
1440 1300 1613 1340 quorum
1642 1290 1794 1328 neuter
1824 1288 1949 1328 alteri
1980 1288 2037 1327 sit
2068 1287 2214 1327 subor-

365 1348 550 1390 dinatus.
611 1347 734 1388 Hanc
765 1347 1156 1388 subordinationem
1188 1349 1341 1388 unitati
1372 1348 1688 1402 conservandae
1718 1349 1895 1401 penitus
1918 1348 2213 1399 necessariam,

365 1421 440 1448 suo
473 1407 623 1460 cuique
654 1407 869 1460 Episcopo
903 1407 956 1447 ab
989 1408 1177 1448 omnibus
1207 1409 1451 1450 inferiorum
1485 1409 1731 1449 clericorum
1763 1408 1965 1460 gradibus
1998 1413 2213 1460 praestan-

364 1468 460 1508 dam
502 1468 548 1511 S.
587 1468 779 1519 Ignatius
819 1467 1004 1520 Martyr,
1063 1469 1219 1521 aliique
1268 1469 1417 1509 Patres
1465 1469 1643 1510 maxime
1683 1467 2037 1510 commendarunt.
2101 1468 2215 1508 Huic

366 1539 531 1581 quoque
562 1527 902 1568 subordinationi
933 1539 1035 1580 erga
1065 1530 1110 1569 S.
1143 1530 1313 1569 Petrum
1346 1529 1643 1582 Apostolorum
1670 1529 1931 1580 Principem,
1969 1532 2014 1568 et
2046 1539 2099 1568 ex
2129 1528 2214 1580 pri-

363 1591 478 1628 matu
501 1588 813 1641 jurisdictionis
844 1590 1102 1642 superiorem
1133 1601 1248 1629 suum
1290 1590 1591 1641 ipsi'Apostoli
1626 1589 1794 1628 fuerunt
1827 1588 2000 1628 obnoxii
2033 1591 2076 1628 et
2109 1587 2210 1628 obli-

364 1649 481 1700 gati,
515 1660 598 1688 non
632 1649 744 1700 quod
774 1649 819 1688 in
850 1648 1190 1701 Apostolicarnm
1221 1648 1465 1689 facultatum
1497 1661 1598 1694 usu,
1633 1653 1676 1688 et
1709 1649 1751 1688 in
1783 1648 2070 1690 Ecclesiarum
2101 1647 2213 1699 reg'i-

364 1709 475 1748 mine
507 1708 631 1748 iidem
663 1707 796 1748 afflati
830 1708 874 1750 S.
909 1709 1097 1761 Spiritu,
1139 1709 1209 1761 qui
1250 1710 1445 1749 caritatis
1478 1713 1520 1749 et
1552 1709 1731 1749 unitatis
1764 1708 1950 1761 Spiritus
1982 1711 2073 1756 est,
2117 1720 2214 1760 pos-

363 1772 457 1809 sent
487 1780 513 1808 a
543 1769 670 1809 Petro
704 1768 965 1817 desciscere,
1010 1769 1087 1808 sed
1117 1769 1162 1809 in
1192 1769 1521 1822 Episcoporurn.
1564 1770 1634 1821 qui
1678 1769 1759 1809 sibi
1791 1768 2092 1817 succederent,
2136 1779 2214 1808 nec

364 1829 512 1870 eodem
543 1830 701 1870 Sancto
735 1829 898 1881 Spiritu
929 1829 1062 1869 futuri
1096 1833 1216 1869 erant
1246 1830 1504 1883 confirmati,
1537 1830 1848 1870 institutionem
1883 1833 1926 1869 et
1957 1799 2212 1881 exemplum:

364 1902 414 1930 ac
452 1892 681 1942 propterea
721 1889 931 1931 Gallicani
961 1889 1181 1942 Episcopi
1206 1890 1263 1930 ad
1303 1891 1586 1942 Apostolicam
1618 1889 1760 1929 sedem
1792 1889 2059 1935 detulerunt,
2101 1890 2213 1940 jure-

365 1962 446 2002 que
476 1949 714 1991 damnatam
753 1961 967 2002 agnovere
1009 1949 1342 2002 propositionem
1374 1950 1427 1990 de
1458 1950 1624 2002 bicipiti
1657 1949 1880 1990 Ecclesiae
1912 1949 2051 2001 capite
2085 1948 2212 1988 Petro

363 2014 407 2050 et
438 2010 570 2050 Paulo
605 2022 656 2049 eo
690 2021 816 2050 sensu
846 2010 1123 2063 proscriptam
1154 2013 1196 2051 et
1226 2011 1511 2062 explicatam,
1558 2013 1610 2050 ut
1648 2012 1790 2061 ponat
1819 2008 2108 2050 omnimodam
2140 2019 2211 2049 ae-

365 2070 622 2124 qualitatem
662 2070 780 2110 inter
825 2069 870 2112 S.
905 2069 1084 2110 Petra-m
1114 2073 1156 2111 et
1187 2069 1371 2112 Paulum
1403 2068 1549 2112 SINE
1583 2069 1616 2109 S
1627 2067 1942 2110 UBORDINA
1955 2066 2142 2109 TIONE
2173 2071 2214 2108 et

363 2128 628 2179 subjectione
670 2129 715 2170 S.
757 2129 888 2171 Pauli
928 2130 986 2171 ad
1031 2129 1076 2170 S.
1120 2130 1298 2171 Petrum
1336 2131 1385 2170 in
1426 2133 1640 2182 potestate
1678 2141 1883 2181 suprema
1924 2131 1965 2170 et
2002 2128 2213 2179 regimine

362 2190 626 2232 universalis
658 2189 892 2233 Ecclesiae.
945 2190 1175 2231 Enimvero
1207 2191 1244 2230 si
1275 2202 1394 2231 nemo
1428 2191 1621 2231 dubitare
1652 2192 1817 2242 potest,
1849 2189 1948 2241 quin
1980 2190 2027 2230 S.
2059 2190 2211 2242 Petrus

364 2249 663 2304 Apostolorum
695 2251 902 2301 omnium,
934 2263 985 2291 ac
1018 2251 1149 2302 ipsius
1182 2245 1227 2291 S.
1261 2251 1382 2291 Pauli
1413 2251 1610 2303 princeps
1642 2250 1769 2289 fuerit
1798 2261 1928 2289 verae
1949 2252 1993 2290 et
2012 2249 2211 2301 propriae

356 2311 667 2363 jurisdictionis
710 2311 918 2363 primatu3
965 2322 1100 2362 neque
1136 2311 1296 2363 poterit
1335 2311 1565 2363 ambigere,
1608 2310 1706 2362 quin
1739 2311 1785 2350 S.
1818 2309 1974 2350 Paulus
2005 2308 2212 2361 superiori

364 2375 409 2412 et
439 2383 658 2423 supremae
697 2371 900 2423 potestati
937 2371 983 2411 S.
1015 2371 1136 2410 Petri
1165 2371 1294 2411 fuerit
1323 2371 1620 2427 subordinatus
1650 2370 1694 2410 in
1724 2370 1929 2422 regimine
1962 2369 2211 2410 universalis

363 2431 602 2473 Ecclesiae.
665 2431 771 2472 Vide
813 2443 921 2483 quae
965 2431 1043 2471 bac
1084 2430 1137 2470 de
1177 2443 1225 2471 re
1259 2431 1405 2477 notavi
1447 2432 1520 2471 lib.
1552 2430 1617 2471 De
1646 2431 1692 2471 υἱ
1723 2433 1764 2470 et
1793 2431 1965 2471 ratione
1995 2429 2213 2481 primatus

363 2506 400 2535 c.
432 2492 477 2534 3.
520 2503 562 2531 n.
591 2491 637 2530 2.
699 2491 821 2531 Hanc
865 2492 1042 2532 eandem
1082 2493 1129 2533 S.
1174 2492 1296 2532 Pauli
1337 2491 1726 2530 subordinationem
1767 2490 1824 2530 ad
1865 2491 1911 2531 S.
1958 2489 2126 2528 Petrum
2159 2500 2211 2528 ex

363 2552 543 2604 primatu
577 2551 779 2599 debitam,
815 2562 937 2603 quam
968 2551 1201 2591 adversarii
1234 2554 1445 2603 nequeunt
1477 2549 1681 2601 inficiari,
1712 2549 1793 2589 nisi
1825 2552 1976 2589 contra
2001 2549 2211 2589 Constan-

362 2612 514 2652 tiensis
553 2609 786 2651 doctrinam
826 2611 1031 2662 primatus
1064 2610 1405 2661 jurisdictionem
1447 2613 1603 2662 negent
1642 2610 1768 2649 etiam
1808 2608 1851 2648 in
1893 2608 2117 2660 Apostolos
2167 2613 2211 2647 et

363 2671 659 2724 Apostolorum
691 2682 959 2711 successores
991 2669 1264 2711 distributive
1295 2673 1452 2711 sumtos
1483 2682 1536 2710 ex
1567 2668 1781 2716 adnotatis
1811 2669 1855 2708 in
1887 2668 2103 2721 prooemio
2135 2667 2209 2706 hu·

356 2734 427 2783 jus
458 2731 622 2784 operis;
664 2731 793 2778 hanc,
835 2731 1022 2783 inquam,
1066 2730 1453 2775 subordinationem
1496 2731 1541 2770 S.
1581 2729 1700 2769 Pauli
1741 2728 1796 2769 ad
1827 2730 1872 2772 S.
1905 2730 2072 2769 Petrum
2106 2728 2212 2767 satis

363 2791 574 2831 indicasse
607 2791 778 2831 videtur
817 2792 864 2833 S.
906 2791 1141 2844 Cyprianus
1182 2791 1309 2843 epist.
1351 2791 1425 2830 71.
1467 2790 1523 2830 ad
1564 2789 1786 2841 Quintum,
1832 2788 1904 2828 ubi
1945 2785 2124 2829 laudans.
2163 2790 2209 2828 S.

363 2852 482 2893 Petri
511 2851 866 2898 moderationem,
900 2850 995 2891 dum
1028 2852 1187 2891 Sancto
1211 2851 1338 2891 Paulo
1370 2851 1451 2891 sibi
1483 2851 1526 2891 in
1557 2849 1708 2889 faciem
1738 2849 1966 2901 resistente
1997 2844 2098 2888 nihil
2128 2848 2211 2888 sibi

363 2915 615 2963 arroganter
644 2911 855 2959 assumsit,
886 2910 1187 2951 animadvertit
1218 2923 1311 2951 eum
1343 2911 1563 2964 primatum
1593 2921 1711 2949 suum
1740 2921 1824 2950 non
1856 2908 2120 2962 opposuisse,
2159 2919 2211 2948 ex

365 2984 445 3024 quo
486 2972 570 3013 sibi
610 2985 636 3012 a
678 2971 859 3012 ‘novellis
890 2974 931 3012 et
960 2971 1147 3022 posteris
1176 2971 1243 3023 (id
1276 2975 1339 3012 est
1368 2971 1422 3011 ab
1453 2972 1543 3023 ipso
1575 2970 1728 3024 Paulo)
1759 2969 2046 3021 obtempera-ri
2077 2979 2209 3020 opor-

364 3033 493 3073 tebat.
555 3031 606 3073 Id
651 3031 1040 3072 subordinationem
1090 3031 1305 3071 inferioris
1351 3026 1560 3083 superiori
1608 3029 1792 3070 debitam
1833 3028 2014 3068 innuit.-
2046 3026 2208 3071 Quodsi

364 3093 548 3145 aliquam
593 3093 726 3145 ipsius
767 3092 885 3131 Petri
927 3091 1312 3131 subordinationem
1354 3103 1458 3142 erga
1494 3090 1669 3130 Paulum
1710 3089 1898 3128 fraterna
1944 3088 2207 3127 correctione

363 3156 550 3192 utentem
581 3153 624 3192 in
657 3154 861 3192 contextu
892 3151 1121 3198 indicavit,
1171 3164 1223 3191 ea
1263 3163 1346 3191 non
1389 3155 1452 3192 est
1482 3149 1771 3206 subordinatio
1804 3148 1921 3188 Petri
1953 3147 2071 3198 quasi
2103 3148 2208 3188 infe-

364 3213 490 3252 rioris
523 3213 679 3262 Paulo,
723 3212 799 3252 sed
835 3212 1020 3264 pertinet
1050 3211 1106 3251 ad
1137 3211 1522 3252 subordinationem
1553 3208 1733 3248 debitam
1766 3207 1909 3248 divino
1942 3219 1992 3246 ac
2025 3208 2206 3248 naturali

358 3273 467 3321 juri,
508 3273 617 3324 quod
648 3273 825 3314 veritati
856 3275 898 3313 et
927 3272 1093 3314 rationi
1121 3272 1344 3323 legitimae
1366 3283 1400 3311 va
1429 3269 1559 3309 Paulo
1592 3269 1694 3308 licet
1725 3267 1927 3307 inferiore
1959 3267 2206 3319 propositae

365 3332 496 3383 ipsum
526 3333 697 3374 Petrum
734 3332 977 3373 consentire
1018 3335 1061 3373 et
1104 3331 1376 3384 acquiescere
1408 3328 1606 3380 jubebat·
1650 3327 1703 3366 de
1745 3339 1827 3378 qua
1858 3327 2204 3367 subordinatione

365 3390 499 3431 eidem
532 3391 674 3432 divino
706 3404 758 3432 ac
789 3391 968 3432 naturali
991 3391 1078 3441 juri
1109 3403 1135 3431 a
1166 3390 1336 3435 summis
1367 3400 1531 3441 quoque
1553 3386 1825 3428 Pontificibus
1857 3386 2107 3438 praestanda
2142 3387 2205 3426 in-

365 3446 494 3490 ferius
523 3448 658 3502 plura.
