2326 3854
679 247 842 254 „w
942 214 1061 269 163
1153 244 1320 252 -—-

97 396 208 431 esse
263 379 442 430 debent
488 382 604 450 jure
657 379 927 450 primatus3
997 394 1055 428 ac
1120 375 1322 446 proinde
1376 383 1612 442 quantum
1668 374 1906 442 primatus

89 462 476 533 jurisdictionem
516 463 756 516 extenuet
801 463 853 514 in
890 461 996 531 ipsa
1045 460 1254 513 materia
1302 458 1613 529 disciplinae,
1660 457 1768 525 quis
1806 475 1904 509 non

95 547 378 616 intelligat?
438 600 441 603 Α

243 633 326 683 10.
401 628 600 696 Quanto
638 634 810 683 autem¹
837 630 964 682 idem
1000 631 1052 681 in
1091 630 1180 682 hac
1205 646 1398 697 quoque
1436 625 1641 679 materia
1678 626 1904 678 detrahat

97 734 364 786 supremae
390 714 675 767 auctoritati
709 714 1048 784 Apostolicae,
1087 731 1212 782 quae
1249 712 1479 783 primatui
1517 710 1765 781 competit,
1804 710 1903 762 alia

95 800 387 853 evidentiori
423 799 633 851 forsitan
669 799 864 851 ratione
901 798 1108 869 patebit.
1183 795 1343 863 Quam
1380 797 1530 848 multa
1569 796 1742 848 summi
1768 793 1905 847 Pon-

95 883 253 936 tifices
291 883 504 952 antiquis
542 883 690 936 etiam
727 883 1028 954 temporibus
1053 882 1306 952 gesserint
1342 891 1393 934 et
1429 880 1778 934 constituerint
1805 899 1905 933 non

95 977 194 1020 tam
231 968 283 1019 in
322 966 708 1020 Occidentalium
746 987 889 1036 quam
934 968 985 1019 iu
1024 966 1351 1020 Orientalium
1386 966 1722 1019 Ecclesiarum
1772 967 1905 1036 regi-

25 1047 29 1056 “
94 1052 225 1105 mine
264 1070 321 1106 ac
357 1053 409 1104 iu
445 1053 555 1124 ipsa
590 1053 798 1106 materia
823 1051 1123 1122 disciplinae,
1163 1070 1231 1105 ex
1263 1052 1532 1115 veteribuS,
1571 1070 1696 1119 quae
1733 1069 1906 1122 super-

95 1147 238 1201 sunt,
285 1138 614 1191 monumentis
663 1139 822 1209 capite
867 1137 1093 1206 sequenti
1137 1137 1410 1189 indicandis
1459 1135 1771 1187 notissimum
1809 1145 1906 1188 est.·

95 1221 232 1274 Haec
263 1225 344 1292 jus
380 1222 574 1274 illorum
613 1224 954 1275 demonstrant
989 1221 1042 1272 in
1066 1220 1352 1274 universam
1376 1218 1674 1282 Ecclesiam,
1711 1219 1839 1287 quod
1877 1239 1906 1270 a

95 1306 305 1376 primatu
346 1306 582 1359 dimanat.
644 1302 710 1359 >F
715 1306 947 1360 chronius
1007 1324 1070 1358 ne
1118 1306 1240 1357 haec
1288 1303 1619 1375 jurisdictioni
1666 1303 1908 1374 primatus

93 1390 305 1458 tribuat,
360 1392 470 1444 aliis
529 1401 678 1461 atque
729 1392 841 1445 aliis
888 1390 1049 1444 causis
1099 1409 1128 1442 a
1183 1391 1397 1461 primatu
1446 1389 1621 1442 alienis
1675 1389 1908 1459 pleraque

95 1476 345 1528 adscribit.
409 1472 677 1542 *Quaedam
711 1478 899 1530 scilicet
937 1475 1177 1546 ejusmodi
1213 1485 1359 1545 gesta
1394 1475 1527 1526 intra
1566 1474 1908 1527 Occidentales

95 1560 218 1611 fines
265 1559 325 1611 ad
354 1561 439 1629 jus
472 1560 898 1626 Patriarchicum,
947 1561 1073 1629 quod
1109 1559 1512 1616 Ecclesiastieam
1558 1560 1707 1611 habet
1754 1559 1907 1629 origi-

96 1661 225 1710 nem,
264 1645 530 1698 referenda-
562 1647 846 1700 existimat:
886 1646 1050 1714 aliqua
1089 1647 1150 1698 ad
1175 1646 1547 1697 concessionem
1573 1645 1907 1709 conciliorum,
1931 1710 1941 1718 Ι

96 1728 190 1779 alia
229 1728 289 1779 ad
324 1728 617 1784 delationem
656 1742 709 1784 et·
743 1731 1028 1799 obsequium
1063 1729 1446 1801 Episcoporum,
1493 1731 1574 1783 vel
1611 1731 1670 1782 ad
1706 1730 1907 1783 tacitam

99 1814 274 1865 saltem
298 1811 635 1868 Ecclesiarum
661 1815 1080 1888 approbationem,
1119 1834 1246 1884 quae
1272 1814 1436 1867 omnia
1463 1815 1521 1866 ad
1547 1814 1909 1869 institutionem

95 1894 496 1951 Ecclesiasticam
532 1899 808 1969 pertinent,
865 1901 986 1952 adeo
1026 1910 1079 1952 ut
1117 1901 1228 1953 hine
1265 1900 1521 1970 scripserit
1566 1899 1636 1972 (c.
1678 1903 1727 1953 Ξ.
1767 1902 1814 1969 §-
1856 1903 1907 1956 7:

97 2001 146 2035 ιι.
186 1982 298 2053 9.):
375 1984 551 2036 Habet
607 1988 920 2037 universalis
964 1990 1227 2053 primatus
1283 2005 1380 2037 sua
1408 1991 1548 2056 jura
1590 1991 1792 2055 parlim
1837 2007 1908 2040 ex

87 2074 210 2138 jure
247 2071 442 2129 divino,
469 2073 780 2136 partim-ex
817 2072 1063 2130 humano,
1099 2074 1252 2122 immo
1286 2073 1454 2138 plura
1490 2090 1560 2122 ea·
1599 2071 1721 2133 lzoc,
1754 2092 1910 2142 qnam

97 2173 166 2204 cx
214 2155 327 2205 illo.
428 2154 608 2205 Habet
653 2157 788 2206 ordo
826 2156 1216 2224 Episcoporum.
1266 2161 1388 2224 fere
1441 2160 1618 2208 omnia
1679 2177 1776 2210 sua
1838 2178 1908 2210 ex

79 2244 215 2309 jure
267 2241 462 2290 divino.
548 2237 624 2289 Ita
671 2239 966 2291 deteriorem
1022 2241 1174 2291 multo
1233 2241 1381 2293 efficit
1423 2241 1609 2310 jurium
1657 2240 1909 2295 pontificii

96 2323 336 2393 primatus
373 2322 635 2386 rationem,
675 2342 817 2391 quam
845 2321 1226 2395 Episcopalium,
1265 2343 1373 2379 cum
1409 2325 1602 2376 illorum
1634 2329 1802 2394 plura
1839 2346 1911 2379 ex-

99 2409 308 2460 humano
349 2408 463 2477 jure
498 2407 713 2469 derivet,
757 2408 979 2460 istorum
1013 2418 1174 2460 autem
1216 2414 1339 2478 fere
1384 2413 1560 2461 omnia
1606 2427 1676 2461 ex
1723 2411 1906 2464 divino.

96 2491 150 2544 Id
186 2501 350 2545 autem
397 2492 494 2545 etsi
529 2493 668 2547 valde
713 2493 1006 2564 injuriosum
1043 2492 1339 2546 Pontificiae
1382 2494 1695 2560 auctoritati,
1741 2498 1908 2549 teren-

97 2579 206 2630 dum
236 2587 408 2630 *tamen
444 2577 606 2647 aliquo
644 2580 787 2631 modo
825 2580 1096 2647 crederem,
1135 2579 1180 2632 si
1214 2579 1503 2647 facultateS,
1541 2599 1663 2649 quas
1701 2581 1781 2634 ille
1817 2582 1907 2634 tri-

96 2663 310 2715 buendas
357 2663 511 2716 credit
548 2664 781 2734 primatui
829 2682 899 2717 ex
944 2664 1110 2718 divino
1149 2666 1292 2735 jure,
1342 2682 1493 2718 verae
1531 2675 1580 2716 et
1614 2666 1907 2738 praecipuae

91 2746 450 2817 jurisdictionis
493 2750 751 2802 facultates
797 2758 984 2802 essent.
1070 2746 1316 2820 Sepositis
1362 2767 1484 2803 vero
1533 2750 1625 2815 iis,
1669 2771 1794 2820 quae
1849 2754 1907 2804 ad

92 2834 173 2901 jus
218 2832 478 2883 humanum
522 2833 582 2884 ab
631 2851 690 2885 eo
734 2834 1048 2896 referuntur,
1105 2834 1217 2902 quid
1265 2834 1317 2886 in
1366 2834 1577 2886 materia
1623 2835 1909 2906 disciplinae

98 2915 343 2984 reliquum
388 2925 496 2983 est,
549 2918 677 2985 quod
723 2917 954 2988 primatui
1007 2929 1241 2971 reservet
1287 2937 1344 2971 ac
1391 2918 1576 2971 tribuat
1624 2937 1694 2972 ex
1741 2920 1907 2974 divino

91 3003 237 3071 jure,
274 3001 371 3052 nisi
408 3018 467 3052 ea
504 3019 631 3070 quae
668 3020 855 3055 merum
892 3000 1260 3064 directorium,
1316 3021 1497 3055 meram
1535 3006 1905 3076 inspectionem,

99 3086 444 3139 executionem
481 3104 664 3138 meram
701 3104 942 3139 canonum
978 3089 1290 3159 praeferunt,
1339 3088 1531 3157 aliaque
1568 3090 1779 3159 ejusdem
1818 3109 1907 3159 ge-

100 3170 235 3222 neris
273 3188 342 3223 ex
379 3171 545 3224 eodem
585 3170 831 3223 recensita
871 3172 1029 3242 capite
1065 3173 1402 3242 praecedenti,
1442 3191 1568 3241 quae
1605 3174 1770 3226 omnia
1806 3193 1904 3226 non

99 3272 252 3307 verae
288 3265 339 3307 et
372 3256 664 3327 praecipuae
714 3255 966 3309 coactivae
995 3256 1386 3326 jurisdictionis,
1434 3258 1520 3310 sed
1569 3258 1756 3311 ordinis
1793 3269 1907 3312 tau-

101 3348 202 3390 tum
241 3348 292 3390 et
327 3338 530 3407 honoris
567 3340 824 3411 primatum
863 3341 1185 3393 constituunt.

250 3423 332 3473 ll.
406 3421 456 3474 ld
493 3434 658 3476 totum?
688 3425 978 3495 explicatius
1028 3427 1112 3478 fiet
1161 3428 1389 3496 exemplo
1428 3429 1691 3497 potestatis
1728 3429 1907 3482 Ponti-

1453 3513 1512 3563 ll
1535 3511 1560 3534 *
