2326 3854
934 157 1107 164 -ffl
1206 122 1330 180 138
1421 103 1607 169 —-.-'

343 287 541 342 soribus
581 291 691 363 ejus
729 307 1053 344 successores
1092 286 1358 342 Romanos
1395 286 1704 355 PontificeS‚
1743 299 1800 342 ut
1836 290 2057 362 ejusdem
2091 289 2192 346 Ec-

342 375 526 430 clesiae
562 377 810 431 unitatem
836 376 1132 447 contineant
1158 383 1311 445 atque
1335 384 1602 435 tueantur„
1646 374 1769 429 Non
1793 387 2001 449 possent
2026 389 2192 433 autem

342 462 471 516 hunc
518 463 668 517 finem
723 464 1053 534 effectumque
1109 462 1376 530 obtinere,
1432 463 1534 516 nisi
1586 463 1802 536 praediti
1856 473 2030 518 essent
2076 468 2192 538 jure

341 549 573 605 eoactivo
612 549 667 602 in
704 567 911 616 omnes3
961 567 1072 603 cum
1120 549 1233 621 ipsa
1269 549 1439 603 unitas
1486 569 1591 604 non
1628 568 1699 605 ex
1735 550 1949 622 singulis
1996 559 2194 605 tantum

340 636 659 691 distributive
696 633 918 707 acceptis
933 673 949 704 ,
997 636 1087 690 sed
1143 654 1214 691 ex
1252 636 1484 691 omnibus
1532 637 1587 691 in
1633 656 1787 691 unum
1837 638 2055 705 coactiS,
2102 657 2195 693 seu

340 722 600 777 collective
637 722 849 795 sumptis
889 732 1051 777 coeat.
1126 722 1240 778 Hoc
1275 743 1472 796 quoque
1500 728 1587 799 jus
1612 725 1666 779 in
1703 743 1879 779 omnes
1918 725 2194 789 collective,
2224 715 2230 717 i

339 809 470 880 quod
524 808 633 863 fluit
687 827 759 863 ex
814 819 1000 866 natura
1054 829 1147 866 seu
1201 811 1405 866 ratione
1453 812 1727 884 primatuS‚
1789 812 2194 868 confirmavimus

336 896 563 969 pluribus
618 896 714 950 hoc
766 897 879 970 ipso
932 898 987 953 in
1043 918 1213 972 opere·
1253 917 1362 972 cap.
1410 899 1466 961 4.
1523 899 1572 967 §-
1612 899 1667 954 3.
1753 896 1857 967 Qui
1909 919 2064 973 porro
2105 903 2193 973 jus

337 984 488 1040 habet
525 985 807 1041 coactivum
843 985 898 1040 in
932 1005 1112 1045 omnes
1161 987 1316 1042 etiam
1353 985 1636 1060 Episcopos
1673 986 1978 1042 universalis
2013 986 2194 1044 Eccle-

338 1072 446 1127 siae
481 1083 710 1146 sumptos
762 1073 1054 1142 collective,
1104 1075 1150 1129 is
1186 1075 1362 1148 procul
1399 1074 1549 1129 dubio
1580 1076 1667 1147 jus
1709 1074 1901 1129 habere
1944 1074 2093 1131 debet
2140 1075 2194 1129 in

338 1161 540 1215 eosdem
556 1201 570 1227 ‚
609 1161 728 1215 licet
763 1159 818 1215 in
854 1163 1087 1233 generali
1134 1161 1546 1233 frequentissimo
1585 1160 1794 1217 concilio
1845 1180 1918 1216 ex
1954 1162 2196 1217 universa

336 1246 570 1302 Ecclesia
606 1258 913 1303 convocatos
929 1289 944 1315 ‚
991 1249 1077 1320 qui
1127 1249 1309 1322 majori
1353 1249 1620 1323 privilegio
1658 1249 1883 1322 gaudere
1917 1259 2193 1320 nequeunt,

337 1355 485 1406 quam
523 1336 636 1408 ipsa
671 1335 977 1391 universalis
1001 1335 1256 1392 Ecclesia.
1333 1334 1435 1405 Qui
1469 1355 1594 1394 vero
1625 1339 1710 1410 jus
1735 1337 1888 1392 habet
1912 1336 2193 1393 coactivum

336 1423 389 1476 in
439 1423 684 1494 aliquem,
743 1424 852 1495 ejus
906 1423 1143 1496 superior
1190 1433 1300 1479 est:
1377 1443 1437 1480 ac
1491 1425 1679 1480 idcirco
1728 1441 1905 1479 omnes
1953 1422 2195 1496 Episcopi

336 1509 537 1564 etiamsi
574 1510 772 1565 collecti
805 1510 862 1565 in
898 1511 1128 1584 generali
1163 1512 1378 1585 synodo,
1414 1512 1468 1567 in
1505 1531 1633 1584 quos
1658 1511 1923 1567 Romanus
1946 1509 2194 1567 Pontifex

329 1600 416 1671 jus
465 1599 645 1666 habet,
705 1598 868 1671 ipsum
923 1599 1239 1672 superiorem
1288 1617 1434 1654 suum
1479 1608 1777 1672 agnoscant·
1814 1615 2027 1653 neeesse
2085 1607 2193 1665 θεὶς

335 1686 566 1757 idemque
602 1686 834 1759 superior
866 1688 1059 1759 pariter
1094 1697 1178 1743 est
1213 1687 1539 1761 generalibus
1576 1687 1785 1764 synodis
1820 1695 1875 1741 et
1909 1683 2193 1759 Episcopi&

337 1774 421 1845 qui
458 1773 513 1828 in
548 1773 672 1847 ipsis
710 1775 1035 1848 conveniunt.
1417 1804 1419 1808 ·
1543 1807 1546 1812 ·

482 1861 532 1915 3,
609 1859 894 1916 Secundum
931 1862 1258 1937 principium:
1303 1864 1522 1918 Certum
1559 1881 1772 1934 quoque
1808 1868 1905 1923 est,
1942 1862 2084 1916 nulli
2117 1863 2194 1914 in·

330 1952 537 2019 feriori
576 1959 882 2020 competere
901 1957 1002 2024 jus
1040 1955 1338 2005 coactivum
1385 1954 1442 2004 ἰπ
1488 1954 1825 2020 superiorem
1862 1948 2044 2010 suum,
2088 1951 2197 2001 nisi

336 2038 440 2091 Ιιοο
459 2043 561 2110 jeu
596 2041 857 2107 inferiori
890 2041 1052 2093 certis
1077 2041 1407 2092 documentis
1434 2039 1704 2109 probetur
1729 2038 1796 2092 ab
1822 2055 1886 2092 eo
1910 2037 2193 2097 collatum,

337 2128 431 2195 qui
466 2127 640 2178 eidem
675 2129 953 2224 superiori
970 2129 1366 2199 jurisdictione
1396 2129 1626 2198 praesit.

481 2211 647 2286 Hujus
691 2212 923 2286 principii
969 2213 1134 2286 prima
1187 2231 1307 2287 pars
1359 2231 1471 2267 cum
1531 2213 1598 2266 sit
1646 2211 1919 2267 manifesta
1961 2228 2034 2265 ex
2062 2209 2192 2283 ipso

336 2300 556 2354 naturali
584 2303 718 2373 jure,
757 2301 888 2372 quod
913 2320 945 2355 a
971 2301 1172 2356 nemine
1207 2301 1262 2355 in
1300 2300 1499 2355 dubium
1523 2298 1697 2356 vocari
1721 2298 1926 2372 poterit,
1962 2296 2194 2371 ampliori

336 2387 715 2442 confirmatione
750 2407 854 2442 non
889 2389 1101 2462 indiget.

480 2475 668 2530 Altera
699 2495 826 2532 vero
861 2496 1008 2550 pars,
1045 2495 1148 2547 qua
1183 2476 1365 2531 dicitur
1403 2475 1634 2530 inferiori
1662 2476 1750 2546 jus
1787 2473 1843 2528 in
1879 2473 2192 2547 superiorem

336 2580 479 2615 suum
528 2563 751 2617 conferri
803 2582 956 2636 posse
1002 2564 1065 2617 ab
1119 2583 1211 2628 eo,
1268 2562 1360 2632 qui*
1404 2561 1503 2633 ipsi
1548 2561 1799 2634 superiori
1841 2559 2191 2632 jurisdictione

335 2658 583 2721 praestet,
617 2650 776 2720 liquet
811 2668 887 2704 ex
922 2649 1125 2705 ratione
1158 2649 1273 2722 ipsa
1307 2649 1543 2715 naturali,
1581 2667 1711 2720 quae
1748 2647 1903 2702 dictat
1938 2646 2034 2701 hoc
2070 2664 2191 2702 casu

334 2736 628 2798 inferiorem
663 2745 888 2792 utentem
917 2740 1036 2811 jure
1052 2736 1170 2791 5sibi
1205 2736 1395 2790 tradito
1435 2736 1497 2789 ab
1535 2753 1625 2802 eo,
1665 2734 1751 2805 qui
1785 2734 1839 2787 in
1878 2733 2190 2806 superiorem

336 2843 481 2878 suum
511 2824 866 2897 jurisdictione
903 2824 1126 2899 potitur‚-
1151 2842 1256 2878 non
1291 2822 1577 2888 inferioris,
1616 2822 1710 2876 sed.
1742 2820 2021 2896 superioris
2037 2856 2042 2861 ›
2057 2822 2191 2877 dele-

335 2912 508 2982 gantis
545 2931 816 2985 personam
839 2932 1054 2986 gerere,
1092 2922 1146 2967 et
1182 2913 1278 2966 hoc
1307 2901 1539 2983 3ιιι·ε’ἰιι
1545 2910 1756 2965 eundem
1792 2927 1942 2982 posse
1969 2908 2190 2984 legitime

336 3017 506 3071 agere.
595 2998 790 3054 Praxis
837 3001 988 3056 etiam
1034 2998 1311 3055 communis
1360 2997 1607 3071 ejusmodi
1655 2995 2022 3070 delegationum
2058 2995 2189 3050 idem

336 3087 617 3141 confirmat.
1458 3103 1462 3106 ·

482 3175 667 3229 Tertia
704 3193 854 3248 pam,
893 3194 991 3246 qua
1028 3175 1123 3229 hoc
1151 3176 1239 3246 jus
1275 3172 1508 3228 inferiori
1542 3171 1776 3226 collatum
1812 3169 2034 3223 diximus
2070 3186 2188 3223 esse

337 3263 643 3334 probandum
664 3266 999 3319 «documentis
1024 3261 1132 3317 sive
1159 3261 1441 3316 rationibus
1466 3261 1646 3319 cerlis,
1683 3256 1888 3311 evidens
1914 3266 2023 3312 est:
2062 3256 2187 3312 alias

336 3349 469 3405 enim
508 3360 700 3404 certum
739 3349 1018 3423 superioris
1048 3351 1163 3422 jue,
1211 3368 1311 3422 quo
1364 3345 1610 3403 eximitur
1657 3365 1687 3399 a
1718 3344 2073 3416 jurisdictione
2107 3343 2185 3399 in-

338 3436 579 3490 feriorum
594 3477 610 3503 ‚
649 3437 726 3492 -in
774 3435 913 3509 ipsos
961 3436 1233 3499 inferiores
1287 3435 1437 3490 exeri
1491 3433 1552 3487 ab
1601 3451 1662 3487 eo
1711 3431 1935 3504 legitime
1982 3432 2187 3504 poterit,
2268 3459 2273 3473 ε
