<?xml version="1.0" encoding="UTF-8"?>
<!DOCTYPE html PUBLIC "-//W3C//DTD XHTML 1.0 Transitional//EN"
    "http://www.w3.org/TR/xhtml1/DTD/xhtml1-transitional.dtd">
<html xmlns="http://www.w3.org/1999/xhtml" xml:lang="en" lang="en">
 <head>
  <title>
</title>
<meta http-equiv="Content-Type" content="text/html;charset=utf-8" />
  <meta name='ocr-system' content='tesseract 3.04.00' />
  <meta name='ocr-capabilities' content='ocr_page ocr_carea ocr_par ocr_line ocrx_word'/>
</head>
<body>
  <div class='ocr_page' id='page_1' title='image "./ra546170800balluoft_0237.png"; bbox 0 0 2326 3854; ppageno 0'>
   <div class='ocr_carea' id='block_1_1' title="bbox 679 234 1322 291">
    <p class='ocr_par' dir='ltr' id='par_1_1' title="bbox 679 234 1322 291">
     <span class='ocr_line' id='line_1_1' title="bbox 679 234 1322 291; baseline 0.005 -3"><span class='ocrx_word' id='word_1_1' title='bbox 679 267 842 274; x_wconf 45' lang='lat' dir='ltr'><strong>-ffl</strong></span> <span class='ocrx_word' id='word_1_2' title='bbox 939 234 1057 291; x_wconf 88' lang='lat'><strong>171</strong></span> <span class='ocrx_word' id='word_1_3' title='bbox 1157 264 1322 272; x_wconf 88' lang='lat'><strong>——-</strong></span> 
     </span>
    </p>
   </div>
   <div class='ocr_carea' id='block_1_2' title="bbox 92 393 1997 3184">
    <p class='ocr_par' dir='ltr' id='par_1_2' title="bbox 99 393 1910 1045">
     <span class='ocr_line' id='line_1_2' title="bbox 99 393 1905 476; baseline -0.003 -23"><span class='ocrx_word' id='word_1_4' title='bbox 99 402 408 476; x_wconf 79' lang='lat' dir='ltr'><strong>praepositus</strong></span> <span class='ocrx_word' id='word_1_5' title='bbox 459 401 568 453; x_wconf 82' lang='lat' dir='ltr'><strong>est?</strong></span> <span class='ocrx_word' id='word_1_6' title='bbox 642 397 888 469; x_wconf 87' lang='lat' dir='ltr'><strong>Injuriosa</strong></span> <span class='ocrx_word' id='word_1_7' title='bbox 926 397 1129 468; x_wconf 82' lang='lat' dir='ltr'><strong>proinde</strong></span> <span class='ocrx_word' id='word_1_8' title='bbox 1175 395 1397 448; x_wconf 84' lang='lat' dir='ltr'><strong>habenda</strong></span> <span class='ocrx_word' id='word_1_9' title='bbox 1432 412 1492 447; x_wconf 88' lang='lat' dir='ltr'><strong>ea</strong></span> <span class='ocrx_word' id='word_1_10' title='bbox 1515 393 1563 464; x_wconf 83' lang='lat'><strong>¹)</strong></span> <span class='ocrx_word' id='word_1_11' title='bbox 1602 396 1905 464; x_wconf 81' lang='lat' dir='ltr'><strong>comparatio</strong></span> 
     </span>
     <span class='ocr_line' id='line_1_3' title="bbox 99 478 1906 552; baseline -0.003 -15"><span class='ocrx_word' id='word_1_12' title='bbox 99 482 317 543; x_wconf 83' lang='lat' dir='ltr'><strong>Romani</strong></span> <span class='ocrx_word' id='word_1_13' title='bbox 352 484 610 536; x_wconf 89' lang='lat' dir='ltr'><strong>Antistitis</strong></span> <span class='ocrx_word' id='word_1_14' title='bbox 659 501 768 536; x_wconf 87' lang='lat' dir='ltr'><strong>cum</strong></span> <span class='ocrx_word' id='word_1_15' title='bbox 802 482 1094 552; x_wconf 86' lang='lat' dir='ltr'><strong>Eugubino,</strong></span> <span class='ocrx_word' id='word_1_16' title='bbox 1151 499 1248 550; x_wconf 86' lang='lat' dir='ltr'><strong>qua</strong></span> <span class='ocrx_word' id='word_1_17' title='bbox 1290 478 1496 533; x_wconf 85' lang='lat' dir='ltr'><strong>indicari</strong></span> <span class='ocrx_word' id='word_1_18' title='bbox 1531 479 1725 532; x_wconf 87' lang='lat' dir='ltr'><strong>videtur</strong></span> <span class='ocrx_word' id='word_1_19' title='bbox 1771 480 1906 532; x_wconf 89' lang='lat' dir='ltr'><strong>illum</strong></span> 
     </span>
     <span class='ocr_line' id='line_1_4' title="bbox 100 564 1908 642; baseline -0.004 -19"><span class='ocrx_word' id='word_1_20' title='bbox 100 590 187 642; x_wconf 86' lang='lat' dir='ltr'><strong>per</strong></span> <span class='ocrx_word' id='word_1_21' title='bbox 225 589 336 623; x_wconf 88' lang='lat' dir='ltr'><strong>sese</strong></span> <span class='ocrx_word' id='word_1_22' title='bbox 372 587 471 622; x_wconf 92' lang='lat' dir='ltr'><strong>non</strong></span> <span class='ocrx_word' id='word_1_23' title='bbox 510 568 685 638; x_wconf 85' lang='lat' dir='ltr'><strong>majori</strong></span> <span class='ocrx_word' id='word_1_24' title='bbox 732 577 979 638; x_wconf 75' lang='lat' dir='ltr'>potestate</span> <span class='ocrx_word' id='word_1_25' title='bbox 1015 567 1286 638; x_wconf 83' lang='lat' dir='ltr'><strong>praeditum</strong></span> <span class='ocrx_word' id='word_1_26' title='bbox 1332 566 1383 617; x_wconf 89' lang='lat' dir='ltr'><strong>in</strong></span> <span class='ocrx_word' id='word_1_27' title='bbox 1430 564 1620 618; x_wconf 88' lang='lat' dir='ltr'><strong>alienas</strong></span> <span class='ocrx_word' id='word_1_28' title='bbox 1657 564 1908 617; x_wconf 80' lang='lat' dir='ltr'><strong>dioeceses</strong></span> 
     </span>
     <span class='ocr_line' id='line_1_5' title="bbox 99 648 1909 725; baseline -0.003 -18"><span class='ocrx_word' id='word_1_29' title='bbox 99 674 243 725; x_wconf 87' lang='lat' dir='ltr'><strong>quam</strong></span> <span class='ocrx_word' id='word_1_30' title='bbox 276 648 588 724; x_wconf 79' lang='lat' dir='ltr'><strong>Eugubinus,</strong></span> <span class='ocrx_word' id='word_1_31' title='bbox 626 652 709 720; x_wconf 87' lang='lat' dir='ltr'><strong>qui</strong></span> <span class='ocrx_word' id='word_1_32' title='bbox 745 652 894 703; x_wconf 91' lang='lat' dir='ltr'><strong>solius</strong></span> <span class='ocrx_word' id='word_1_33' title='bbox 933 668 1052 703; x_wconf 88' lang='lat' dir='ltr'><strong>suae</strong></span> <span class='ocrx_word' id='word_1_34' title='bbox 1089 652 1328 703; x_wconf 88' lang='lat' dir='ltr'><strong>dioecesis</strong></span> <span class='ocrx_word' id='word_1_35' title='bbox 1363 649 1578 720; x_wconf 85' lang='lat' dir='ltr'><strong>negotiis</strong></span> <span class='ocrx_word' id='word_1_36' title='bbox 1616 668 1729 703; x_wconf 90' lang='lat' dir='ltr'><strong>esse</strong></span> <span class='ocrx_word' id='word_1_37' title='bbox 1763 651 1909 702; x_wconf 82' lang='lat' dir='ltr'><strong>debet</strong></span> 
     </span>
     <span class='ocr_line' id='line_1_6' title="bbox 99 814 1909 891; baseline -0.003 -15"><span class='ocrx_word' id='word_1_38' title='bbox 99 823 180 876; x_wconf 89' lang='lat' dir='ltr'><strong>alii</strong></span> <span class='ocrx_word' id='word_1_39' title='bbox 218 822 431 887; x_wconf 79' lang='lat' dir='ltr'>cuilibet,</span> <span class='ocrx_word' id='word_1_40' title='bbox 469 823 555 874; x_wconf 88' lang='lat' dir='ltr'><strong>sed</strong></span> <span class='ocrx_word' id='word_1_41' title='bbox 594 822 675 873; x_wconf 88' lang='lat' dir='ltr'><strong>uni</strong></span> <span class='ocrx_word' id='word_1_42' title='bbox 694 821 928 873; x_wconf 81' lang='lat' dir='ltr'><strong>Romano</strong></span> <span class='ocrx_word' id='word_1_43' title='bbox 967 821 1213 891; x_wconf 88' lang='lat' dir='ltr'><strong>competit,</strong></span> <span class='ocrx_word' id='word_1_44' title='bbox 1249 821 1370 872; x_wconf 88' lang='lat' dir='ltr'><strong>nihil</strong></span> <span class='ocrx_word' id='word_1_45' title='bbox 1407 819 1656 891; x_wconf 75' lang='lat' dir='ltr'><strong>praecipui</strong></span> <span class='ocrx_word' id='word_1_46' title='bbox 1693 814 1739 872; x_wconf 76' lang='lat' dir='ltr'><strong>el</strong></span> <span class='ocrx_word' id='word_1_47' title='bbox 1776 819 1909 871; x_wconf 87' lang='lat' dir='ltr'><strong>ordi·</strong></span> 
     </span>
     <span class='ocr_line' id='line_1_7' title="bbox 99 903 1910 977; baseline -0.001 -18"><span class='ocrx_word' id='word_1_48' title='bbox 99 908 228 960; x_wconf 87' lang='lat' dir='ltr'><strong>narii</strong></span> <span class='ocrx_word' id='word_1_49' title='bbox 272 907 402 977; x_wconf 87' lang='lat' dir='ltr'><strong>juris</strong></span> <span class='ocrx_word' id='word_1_50' title='bbox 468 907 519 958; x_wconf 90' lang='lat' dir='ltr'><strong>in</strong></span> <span class='ocrx_word' id='word_1_51' title='bbox 575 924 746 958; x_wconf 85' lang='lat' dir='ltr'><strong>omnes</strong></span> <span class='ocrx_word' id='word_1_52' title='bbox 800 904 1074 977; x_wconf 87' lang='lat' dir='ltr'><strong>Episcopos</strong></span> <span class='ocrx_word' id='word_1_53' title='bbox 1131 923 1398 974; x_wconf 89' lang='lat' dir='ltr'><strong>omnesque</strong></span> <span class='ocrx_word' id='word_1_54' title='bbox 1450 903 1706 957; x_wconf 88' lang='lat' dir='ltr'><strong>Ecclesias</strong></span> <span class='ocrx_word' id='word_1_55' title='bbox 1761 914 1910 974; x_wconf 86' lang='lat' dir='ltr'><strong>atque</strong></span> 
     </span>
     <span class='ocr_line' id='line_1_8' title="bbox 99 992 624 1045; baseline -0.002 -2"><span class='ocrx_word' id='word_1_56' title='bbox 99 992 347 1045; x_wconf 80' lang='lat' dir='ltr'><strong>dioeceses</strong></span> <span class='ocrx_word' id='word_1_57' title='bbox 386 993 624 1044; x_wconf 84' lang='lat' dir='ltr'><strong>conferat.</strong></span> 
     </span>
    </p>

    <p class='ocr_par' dir='ltr' id='par_1_3' title="bbox 241 1074 1910 1146">
     <span class='ocr_line' id='line_1_9' title="bbox 241 1074 1910 1146; baseline -0.001 -16"><span class='ocrx_word' id='word_1_58' title='bbox 241 1078 295 1130; x_wconf 83' lang='lat'><strong>8.</strong></span> <span class='ocrx_word' id='word_1_59' title='bbox 371 1074 496 1130; x_wconf 87' lang='lat' dir='ltr'><strong>Cum</strong></span> <span class='ocrx_word' id='word_1_60' title='bbox 545 1094 695 1146; x_wconf 89' lang='lat' dir='ltr'><strong>porro</strong></span> <span class='ocrx_word' id='word_1_61' title='bbox 749 1076 919 1136; x_wconf 83' lang='lat' dir='ltr'><strong>eodem</strong></span> <span class='ocrx_word' id='word_1_62' title='bbox 974 1075 1226 1127; x_wconf 86' lang='lat' dir='ltr'><strong>ordinario</strong></span> <span class='ocrx_word' id='word_1_63' title='bbox 1286 1075 1520 1146; x_wconf 83' lang='lat' dir='ltr'><strong>peculiari</strong></span> <span class='ocrx_word' id='word_1_64' title='bbox 1560 1078 1678 1145; x_wconf 85' lang='lat' dir='ltr'><strong>jure</strong></span> <span class='ocrx_word' id='word_1_65' title='bbox 1721 1074 1910 1128; x_wconf 86' lang='lat' dir='ltr'><strong>Roma-</strong></span> 
     </span>
    </p>

    <p class='ocr_par' dir='ltr' id='par_1_4' title="bbox 92 1160 1997 3184">
     <span class='ocr_line' id='line_1_10' title="bbox 98 1160 1908 1231; baseline 0 -18"><span class='ocrx_word' id='word_1_66' title='bbox 98 1179 192 1213; x_wconf 89' lang='lat' dir='ltr'><strong>nus</strong></span> <span class='ocrx_word' id='word_1_67' title='bbox 231 1160 296 1213; x_wconf 93' lang='lat' dir='ltr'><strong>sit</strong></span> <span class='ocrx_word' id='word_1_68' title='bbox 332 1161 582 1231; x_wconf 88' lang='lat' dir='ltr'><strong>praeditus</strong></span> <span class='ocrx_word' id='word_1_69' title='bbox 619 1178 719 1212; x_wconf 90' lang='lat' dir='ltr'><strong>non</strong></span> <span class='ocrx_word' id='word_1_70' title='bbox 755 1160 913 1212; x_wconf 89' lang='lat' dir='ltr'><strong>solum</strong></span> <span class='ocrx_word' id='word_1_71' title='bbox 948 1160 999 1211; x_wconf 92' lang='lat' dir='ltr'><strong>in</strong></span> <span class='ocrx_word' id='word_1_72' title='bbox 1035 1177 1206 1211; x_wconf 88' lang='lat' dir='ltr'><strong>omnes</strong></span> <span class='ocrx_word' id='word_1_73' title='bbox 1243 1162 1516 1211; x_wconf 66' lang='lat' dir='ltr'><strong>Ecclesia-3</strong></span> <span class='ocrx_word' id='word_1_74' title='bbox 1544 1164 1908 1227; x_wconf 78' lang='lat' dir='ltr'><strong>particulares</strong></span> 
     </span>
     <span class='ocr_line' id='line_1_11' title="bbox 100 1242 1909 1315; baseline 0 -19"><span class='ocrx_word' id='word_1_75' title='bbox 100 1245 258 1315; x_wconf 91' lang='lat' dir='ltr'><strong>(quod</strong></span> <span class='ocrx_word' id='word_1_76' title='bbox 294 1245 623 1302; x_wconf 82' lang='lat' dir='ltr'><strong>exdoctrina</strong></span> <span class='ocrx_word' id='word_1_77' title='bbox 661 1242 1063 1298; x_wconf 87' lang='lat' dir='ltr'><strong>Constantiensis</strong></span> <span class='ocrx_word' id='word_1_78' title='bbox 1100 1261 1294 1312; x_wconf 89' lang='lat' dir='ltr'><strong>quoque</strong></span> <span class='ocrx_word' id='word_1_79' title='bbox 1331 1243 1528 1295; x_wconf 83' lang='lat' dir='ltr'><strong>concilii</strong></span> <span class='ocrx_word' id='word_1_80' title='bbox 1564 1245 1626 1295; x_wconf 85' lang='lat' dir='ltr'><strong>ab</strong></span> <span class='ocrx_word' id='word_1_81' title='bbox 1664 1244 1785 1314; x_wconf 90' lang='lat' dir='ltr'><strong>ipsis</strong></span> <span class='ocrx_word' id='word_1_82' title='bbox 1824 1246 1909 1296; x_wconf 87' lang='lat' dir='ltr'><strong>ad-</strong></span> 
     </span>
     <span class='ocr_line' id='line_1_12' title="bbox 98 1328 1909 1398; baseline -0.001 -15"><span class='ocrx_word' id='word_1_83' title='bbox 98 1330 335 1383; x_wconf 85' lang='lat' dir='ltr'><strong>versariis</strong></span> <span class='ocrx_word' id='word_1_84' title='bbox 370 1329 730 1382; x_wconf 88' lang='lat' dir='ltr'><strong>eoncedendum</strong></span> <span class='ocrx_word' id='word_1_85' title='bbox 768 1329 903 1398; x_wconf 86' lang='lat' dir='ltr'><strong>est),</strong></span> <span class='ocrx_word' id='word_1_86' title='bbox 949 1329 1307 1383; x_wconf 84' lang='lat' dir='ltr'><strong>verumetiam</strong></span> <span class='ocrx_word' id='word_1_87' title='bbox 1353 1328 1408 1380; x_wconf 91' lang='lat' dir='ltr'><strong>in</strong></span> <span class='ocrx_word' id='word_1_88' title='bbox 1443 1329 1774 1382; x_wconf 87' lang='lat' dir='ltr'><strong>universalem</strong></span> <span class='ocrx_word' id='word_1_89' title='bbox 1810 1328 1909 1382; x_wconf 88' lang='lat' dir='ltr'><strong>Ec·</strong></span> 
     </span>
     <span class='ocr_line' id='line_1_13' title="bbox 99 1413 1911 1484; baseline 0 -18"><span class='ocrx_word' id='word_1_90' title='bbox 99 1414 299 1467; x_wconf 84' lang='lat' dir='ltr'><strong>clesiam</strong></span> <span class='ocrx_word' id='word_1_91' title='bbox 337 1413 652 1483; x_wconf 85' lang='lat' dir='ltr'><strong>quantumvis</strong></span> <span class='ocrx_word' id='word_1_92' title='bbox 698 1414 950 1466; x_wconf 86' lang='lat' dir='ltr'><strong>collectam</strong></span> <span class='ocrx_word' id='word_1_93' title='bbox 994 1414 1047 1465; x_wconf 90' lang='lat' dir='ltr'><strong>in</strong></span> <span class='ocrx_word' id='word_1_94' title='bbox 1093 1413 1297 1484; x_wconf 82' lang='lat' dir='ltr'><strong>synodis</strong></span> <span class='ocrx_word' id='word_1_95' title='bbox 1346 1415 1690 1482; x_wconf 80' lang='lat' dir='ltr'><strong>generalibus,</strong></span> <span class='ocrx_word' id='word_1_96' title='bbox 1738 1414 1911 1483; x_wconf 89' lang='lat' dir='ltr'><strong>quibus</strong></span> 
     </span>
     <span class='ocr_line' id='line_1_14' title="bbox 99 1498 1909 1569; baseline -0.001 -18"><span class='ocrx_word' id='word_1_97' title='bbox 99 1516 207 1551; x_wconf 89' lang='lat' dir='ltr'><strong>eum</strong></span> <span class='ocrx_word' id='word_1_98' title='bbox 238 1499 580 1569; x_wconf 84' lang='lat' dir='ltr'><strong>jurisdictione</strong></span> <span class='ocrx_word' id='word_1_99' title='bbox 616 1508 875 1569; x_wconf 86' lang='lat' dir='ltr'><strong>praestare</strong></span> <span class='ocrx_word' id='word_1_100' title='bbox 923 1498 1131 1568; x_wconf 87' lang='lat' dir='ltr'><strong>probavi</strong></span> <span class='ocrx_word' id='word_1_101' title='bbox 1179 1498 1344 1550; x_wconf 88' lang='lat' dir='ltr'><strong>multis</strong></span> <span class='ocrx_word' id='word_1_102' title='bbox 1392 1499 1519 1551; x_wconf 87' lang='lat' dir='ltr'><strong>libro</strong></span> <span class='ocrx_word' id='word_1_103' title='bbox 1566 1498 1909 1569; x_wconf 81' lang='lat' dir='ltr'><strong>praecedenti:</strong></span> 
     </span>
     <span class='ocr_line' id='line_1_15' title="bbox 92 1582 1910 1654; baseline 0.001 -20"><span class='ocrx_word' id='word_1_104' title='bbox 92 1584 485 1653; x_wconf 83' lang='lat' dir='ltr'><strong>jurisdictionem</strong></span> <span class='ocrx_word' id='word_1_105' title='bbox 546 1593 596 1636; x_wconf 91' lang='lat' dir='ltr'><strong>et</strong></span> <span class='ocrx_word' id='word_1_106' title='bbox 650 1593 945 1654; x_wconf 87' lang='lat' dir='ltr'><strong>potestatem</strong></span> <span class='ocrx_word' id='word_1_107' title='bbox 998 1582 1313 1635; x_wconf 87' lang='lat' dir='ltr'><strong>Pontifieiam</strong></span> <span class='ocrx_word' id='word_1_108' title='bbox 1364 1584 1607 1654; x_wconf 83' lang='lat' dir='ltr'><strong>primatus</strong></span> <span class='ocrx_word' id='word_1_109' title='bbox 1662 1584 1910 1654; x_wconf 75' lang='lat' dir='ltr'><strong>prepriam</strong></span> 
     </span>
     <span class='ocr_line' id='line_1_16' title="bbox 99 1667 1912 1740; baseline 0.001 -21"><span class='ocrx_word' id='word_1_110' title='bbox 99 1685 211 1720; x_wconf 90' lang='lat' dir='ltr'><strong>esse</strong></span> <span class='ocrx_word' id='word_1_111' title='bbox 257 1668 457 1719; x_wconf 88' lang='lat' dir='ltr'><strong>omnino</strong></span> <span class='ocrx_word' id='word_1_112' title='bbox 501 1686 804 1738; x_wconf 80' lang='lat' dir='ltr'><strong>supremam,</strong></span> <span class='ocrx_word' id='word_1_113' title='bbox 850 1667 1065 1736; x_wconf 83' lang='lat' dir='ltr'><strong>nullique</strong></span> <span class='ocrx_word' id='word_1_114' title='bbox 1110 1667 1195 1720; x_wconf 89' lang='lat' dir='ltr'><strong>alii</strong></span> <span class='ocrx_word' id='word_1_115' title='bbox 1241 1667 1629 1722; x_wconf 84' lang='lat' dir='ltr'><strong>Ecclesiasticae</strong></span> <span class='ocrx_word' id='word_1_116' title='bbox 1676 1670 1912 1740; x_wconf 81' lang='lat' dir='ltr'><strong>potestati</strong></span> 
     </span>
     <span class='ocr_line' id='line_1_17' title="bbox 100 1752 1912 1823; baseline 0.001 -19"><span class='ocrx_word' id='word_1_117' title='bbox 100 1754 367 1823; x_wconf 85' lang='lat' dir='ltr'><strong>subjectam</strong></span> <span class='ocrx_word' id='word_1_118' title='bbox 393 1752 811 1807; x_wconf 86' lang='lat' dir='ltr'><strong>evidentissimum</strong></span> <span class='ocrx_word' id='word_1_119' title='bbox 837 1762 930 1806; x_wconf 88' lang='lat' dir='ltr'><strong>est.</strong></span> <span class='ocrx_word' id='word_1_120' title='bbox 1013 1755 1274 1805; x_wconf 76' lang='lat' dir='ltr'><strong>Summam</strong></span> <span class='ocrx_word' id='word_1_121' title='bbox 1311 1754 1502 1823; x_wconf 90' lang='lat' dir='ltr'><strong>quidem</strong></span> <span class='ocrx_word' id='word_1_122' title='bbox 1540 1764 1591 1807; x_wconf 86' lang='lat' dir='ltr'><strong>et</strong></span> <span class='ocrx_word' id='word_1_123' title='bbox 1614 1773 1912 1823; x_wconf 81' lang='lat' dir='ltr'><strong>supremam</strong></span> 
     </span>
     <span class='ocr_line' id='line_1_18' title="bbox 101 1836 1912 1910; baseline 0.001 -21"><span class='ocrx_word' id='word_1_124' title='bbox 101 1838 347 1909; x_wconf 88' lang='lat' dir='ltr'><strong>appellant</strong></span> <span class='ocrx_word' id='word_1_125' title='bbox 396 1838 582 1907; x_wconf 76' lang='lat' dir='ltr'><strong>aliquot</strong></span> <span class='ocrx_word' id='word_1_126' title='bbox 630 1836 686 1890; x_wconf 89' lang='lat' dir='ltr'><strong>S.</strong></span> <span class='ocrx_word' id='word_1_127' title='bbox 726 1837 938 1904; x_wconf 85' lang='lat' dir='ltr'><strong>Patres;</strong></span> <span class='ocrx_word' id='word_1_128' title='bbox 986 1847 1039 1891; x_wconf 91' lang='lat' dir='ltr'><strong>et</strong></span> <span class='ocrx_word' id='word_1_129' title='bbox 1082 1838 1290 1891; x_wconf 89' lang='lat' dir='ltr'><strong>eoncilia</strong></span> <span class='ocrx_word' id='word_1_130' title='bbox 1333 1839 1484 1892; x_wconf 85' lang='lat' dir='ltr'><strong>etiam</strong></span> <span class='ocrx_word' id='word_1_131' title='bbox 1522 1839 1816 1910; x_wconf 82' lang='lat' dir='ltr'><strong>generalia,</strong></span> <span class='ocrx_word' id='word_1_132' title='bbox 1841 1840 1912 1891; x_wconf 89' lang='lat' dir='ltr'><strong>uti</strong></span> 
     </span>
     <span class='ocr_line' id='line_1_19' title="bbox 101 1921 1912 1995; baseline 0.001 -21"><span class='ocrx_word' id='word_1_133' title='bbox 101 1932 187 1974; x_wconf 86' lang='lat' dir='ltr'><strong>est</strong></span> <span class='ocrx_word' id='word_1_134' title='bbox 215 1921 588 1987; x_wconf 84' lang='lat' dir='ltr'><strong>Tridentinum,</strong></span> <span class='ocrx_word' id='word_1_135' title='bbox 634 1941 914 1995; x_wconf 82' lang='lat' dir='ltr'><strong>supremae</strong></span> <span class='ocrx_word' id='word_1_136' title='bbox 943 1924 1084 1994; x_wconf 89' lang='lat' dir='ltr'><strong>hujus</strong></span> <span class='ocrx_word' id='word_1_137' title='bbox 1134 1925 1396 1994; x_wconf 85' lang='lat' dir='ltr'><strong>potestatis</strong></span> <span class='ocrx_word' id='word_1_138' title='bbox 1443 1925 1781 1977; x_wconf 86' lang='lat' dir='ltr'><strong>testimonium</strong></span> <span class='ocrx_word' id='word_1_139' title='bbox 1827 1925 1912 1977; x_wconf 88' lang='lat' dir='ltr'><strong>de·-</strong></span> 
     </span>
     <span class='ocr_line' id='line_1_20' title="bbox 100 2006 1914 2081; baseline 0.001 -23"><span class='ocrx_word' id='word_1_140' title='bbox 100 2006 300 2071; x_wconf 90' lang='lat' dir='ltr'><strong>derunt,</strong></span> <span class='ocrx_word' id='word_1_141' title='bbox 340 2008 466 2076; x_wconf 86' lang='lat' dir='ltr'><strong>quod</strong></span> <span class='ocrx_word' id='word_1_142' title='bbox 502 2026 676 2061; x_wconf 87' lang='lat' dir='ltr'><strong>verum</strong></span> <span class='ocrx_word' id='word_1_143' title='bbox 713 2026 813 2060; x_wconf 90' lang='lat' dir='ltr'><strong>non</strong></span> <span class='ocrx_word' id='word_1_144' title='bbox 851 2017 1014 2072; x_wconf 87' lang='lat' dir='ltr'><strong>esset,</strong></span> <span class='ocrx_word' id='word_1_145' title='bbox 1063 2007 1105 2060; x_wconf 88' lang='lat' dir='ltr'><strong>si</strong></span> <span class='ocrx_word' id='word_1_146' title='bbox 1141 2020 1388 2080; x_wconf 86' lang='lat' dir='ltr'><strong>potestate</strong></span> <span class='ocrx_word' id='word_1_147' title='bbox 1427 2010 1653 2062; x_wconf 88' lang='lat' dir='ltr'><strong>omnibus</strong></span> <span class='ocrx_word' id='word_1_148' title='bbox 1689 2010 1914 2081; x_wconf 84' lang='lat' dir='ltr'><strong>superior</strong></span> 
     </span>
     <span class='ocr_line' id='line_1_21' title="bbox 100 2101 390 2145; baseline 0.007 -3"><span class='ocrx_word' id='word_1_149' title='bbox 100 2108 198 2143; x_wconf 90' lang='lat' dir='ltr'><strong>non</strong></span> <span class='ocrx_word' id='word_1_150' title='bbox 236 2101 390 2145; x_wconf 90' lang='lat' dir='ltr'><strong>esset.</strong></span> 
     </span>
     <span class='ocr_line' id='line_1_22' title="bbox 123 2176 1915 2251; baseline 0.002 -23"><span class='ocrx_word' id='word_1_151' title='bbox 123 2185 127 2187; x_wconf 62' lang='grc'><strong>“</strong></span> <span class='ocrx_word' id='word_1_152' title='bbox 240 2176 292 2228; x_wconf 82' lang='grc'><strong>9.</strong></span> <span class='ocrx_word' id='word_1_153' title='bbox 366 2176 449 2230; x_wconf 90' lang='lat' dir='ltr'><strong>Ne</strong></span> <span class='ocrx_word' id='word_1_154' title='bbox 486 2186 652 2231; x_wconf 80' lang='lat' dir='ltr'><strong>autem</strong></span> <span class='ocrx_word' id='word_1_155' title='bbox 700 2179 822 2231; x_wconf 85' lang='lat' dir='ltr'><strong>haec</strong></span> <span class='ocrx_word' id='word_1_156' title='bbox 859 2196 1118 2249; x_wconf 85' lang='lat' dir='ltr'><strong>supremae</strong></span> <span class='ocrx_word' id='word_1_157' title='bbox 1163 2179 1526 2248; x_wconf 86' lang='lat' dir='ltr'><strong>jurisdictionis</strong></span> <span class='ocrx_word' id='word_1_158' title='bbox 1563 2179 1915 2251; x_wconf 85' lang='lat' dir='ltr'><strong>praerogativa</strong></span> 
     </span>
     <span class='ocr_line' id='line_1_23' title="bbox 99 2255 1915 2335; baseline 0.003 -23"><span class='ocrx_word' id='word_1_159' title='bbox 99 2261 151 2313; x_wconf 83' lang='lat' dir='ltr'><strong>in</strong></span> <span class='ocrx_word' id='word_1_160' title='bbox 186 2261 350 2313; x_wconf 90' lang='lat' dir='ltr'><strong>odium</strong></span> <span class='ocrx_word' id='word_1_161' title='bbox 388 2272 439 2314; x_wconf 90' lang='lat' dir='ltr'><strong>et</strong></span> <span class='ocrx_word' id='word_1_162' title='bbox 472 2262 705 2316; x_wconf 85' lang='lat' dir='ltr'><strong>invidiam</strong></span> <span class='ocrx_word' id='word_1_163' title='bbox 740 2271 965 2327; x_wconf 85' lang='lat' dir='ltr'><strong>vocetur,</strong></span> <span class='ocrx_word' id='word_1_164' title='bbox 1004 2255 1146 2331; x_wconf 80' lang='lat' dir='ltr'><strong>quasi</strong></span> <span class='ocrx_word' id='word_1_165' title='bbox 1179 2273 1288 2317; x_wconf 89' lang='lat' dir='ltr'><strong>tota</strong></span> <span class='ocrx_word' id='word_1_166' title='bbox 1313 2276 1535 2335; x_wconf 85' lang='lat' dir='ltr'><strong>potestas</strong></span> <span class='ocrx_word' id='word_1_167' title='bbox 1559 2265 1915 2318; x_wconf 84' lang='lat' dir='ltr'><strong>Ecclesiastiea</strong></span> 
     </span>
     <span class='ocr_line' id='line_1_24' title="bbox 100 2346 1913 2413; baseline 0.001 -14"><span class='ocrx_word' id='word_1_168' title='bbox 100 2347 166 2399; x_wconf 87' lang='lat' dir='ltr'><strong>sit</strong></span> <span class='ocrx_word' id='word_1_169' title='bbox 200 2346 252 2398; x_wconf 87' lang='lat' dir='ltr'><strong>in</strong></span> <span class='ocrx_word' id='word_1_170' title='bbox 291 2348 395 2399; x_wconf 89' lang='lat' dir='ltr'><strong>solo</strong></span> <span class='ocrx_word' id='word_1_171' title='bbox 432 2365 620 2400; x_wconf 90' lang='lat' dir='ltr'><strong>summo</strong></span> <span class='ocrx_word' id='word_1_172' title='bbox 657 2346 930 2413; x_wconf 79' lang='lat' dir='ltr'><strong>Pontifiee,</strong></span> <span class='ocrx_word' id='word_1_173' title='bbox 970 2349 1235 2401; x_wconf 82' lang='lat' dir='ltr'><strong>notandum</strong></span> <span class='ocrx_word' id='word_1_174' title='bbox 1283 2360 1360 2403; x_wconf 91' lang='lat' dir='ltr'><strong>est</strong></span> <span class='ocrx_word' id='word_1_175' title='bbox 1410 2370 1519 2404; x_wconf 88' lang='lat' dir='ltr'><strong>eum</strong></span> <span class='ocrx_word' id='word_1_176' title='bbox 1558 2349 1615 2402; x_wconf 84' lang='lat' dir='ltr'><strong>S.</strong></span> <span class='ocrx_word' id='word_1_177' title='bbox 1653 2350 1913 2402; x_wconf 75' lang='lat' dir='ltr'><strong>Ber-nardo</strong></span> 
     </span>
     <span class='ocr_line' id='line_1_25' title="bbox 103 2429 1916 2504; baseline 0.002 -21"><span class='ocrx_word' id='word_1_178' title='bbox 103 2429 450 2502; x_wconf 69' lang='lat' dir='ltr'><strong>(DeConsid.</strong></span> <span class='ocrx_word' id='word_1_179' title='bbox 488 2432 573 2483; x_wconf 87' lang='lat' dir='ltr'><strong>lib.</strong></span> <span class='ocrx_word' id='word_1_180' title='bbox 608 2432 663 2483; x_wconf 86' lang='lat'><strong>3.</strong></span> <span class='ocrx_word' id='word_1_181' title='bbox 703 2450 747 2484; x_wconf 90' lang='lat' dir='ltr'><strong>e.</strong></span> <span class='ocrx_word' id='word_1_182' title='bbox 785 2433 835 2484; x_wconf 76' lang='grc'><strong>4.</strong></span> <span class='ocrx_word' id='word_1_183' title='bbox 873 2451 923 2484; x_wconf 91' lang='lat' dir='ltr'><strong>n.</strong></span> <span class='ocrx_word' id='word_1_184' title='bbox 967 2433 1082 2504; x_wconf 87' lang='grc'>17.)</span> <span class='ocrx_word' id='word_1_185' title='bbox 1122 2452 1230 2486; x_wconf 86' lang='lat' dir='ltr'><strong>eam</strong></span> <span class='ocrx_word' id='word_1_186' title='bbox 1268 2435 1616 2488; x_wconf 86' lang='lat' dir='ltr'><strong>auctoritatem</strong></span> <span class='ocrx_word' id='word_1_187' title='bbox 1657 2438 1779 2487; x_wconf 84' lang='lat' dir='ltr'><strong>esse</strong></span> <span class='ocrx_word' id='word_1_188' title='bbox 1805 2435 1916 2503; x_wconf 50' lang='lat' dir='ltr'><strong>‚qui-</strong></span> 
     </span>
     <span class='ocr_line' id='line_1_26' title="bbox 101 2506 1915 2592; baseline 0.002 -24"><span class='ocrx_word' id='word_1_189' title='bbox 101 2518 210 2569; x_wconf 87' lang='lat' dir='ltr'><strong>dem</strong></span> <span class='ocrx_word' id='word_1_190' title='bbox 248 2537 522 2578; x_wconf 78' lang='lat' dir='ltr'><strong>summam,</strong></span> <span class='ocrx_word' id='word_1_191' title='bbox 569 2517 657 2569; x_wconf 89' lang='lat' dir='ltr'><strong>sed</strong></span> <span class='ocrx_word' id='word_1_192' title='bbox 693 2534 792 2569; x_wconf 91' lang='lat' dir='ltr'><strong>non</strong></span> <span class='ocrx_word' id='word_1_193' title='bbox 827 2506 1020 2579; x_wconf 79' lang='lat' dir='ltr'><strong>solam,</strong></span> <span class='ocrx_word' id='word_1_194' title='bbox 1067 2520 1175 2571; x_wconf 82' lang='lat' dir='ltr'><strong>cum</strong></span> <span class='ocrx_word' id='word_1_195' title='bbox 1212 2519 1473 2592; x_wconf 86' lang='lat' dir='ltr'><strong>Episcopi,</strong></span> <span class='ocrx_word' id='word_1_196' title='bbox 1512 2521 1677 2574; x_wconf 84' lang='lat' dir='ltr'><strong>divina</strong></span> <span class='ocrx_word' id='word_1_197' title='bbox 1714 2520 1915 2572; x_wconf 85' lang='lat' dir='ltr'><strong>institu-</strong></span> 
     </span>
     <span class='ocr_line' id='line_1_27' title="bbox 101 2600 1997 2676; baseline 0.002 -24"><span class='ocrx_word' id='word_1_198' title='bbox 101 2600 236 2653; x_wconf 85' lang='lat' dir='ltr'><strong>tione</strong></span> <span class='ocrx_word' id='word_1_199' title='bbox 272 2602 378 2654; x_wconf 90' lang='lat' dir='ltr'><strong>suis</strong></span> <span class='ocrx_word' id='word_1_200' title='bbox 412 2602 636 2655; x_wconf 89' lang='lat' dir='ltr'><strong>ecclesiis</strong></span> <span class='ocrx_word' id='word_1_201' title='bbox 671 2603 940 2673; x_wconf 83' lang='lat' dir='ltr'><strong>praepositi</strong></span> <span class='ocrx_word' id='word_1_202' title='bbox 976 2622 1006 2655; x_wconf 88' lang='lat' dir='ltr'><strong>a</strong></span> <span class='ocrx_word' id='word_1_203' title='bbox 1042 2602 1230 2674; x_wconf 87' lang='lat' dir='ltr'><strong>Spiritu</strong></span> <span class='ocrx_word' id='word_1_204' title='bbox 1267 2615 1468 2669; x_wconf 87' lang='lat' dir='ltr'><strong>sancto,</strong></span> <span class='ocrx_word' id='word_1_205' title='bbox 1507 2615 1754 2676; x_wconf 74' lang='lat' dir='ltr'><strong>potestate</strong></span> <span class='ocrx_word' id='word_1_206' title='bbox 1783 2604 1914 2674; x_wconf 86' lang='lat' dir='ltr'><strong>juris</strong></span> <span class='ocrx_word' id='word_1_207' title='bbox 1984 2626 1997 2631; x_wconf 61' lang='lat'><strong><em>‘</em></strong></span> 
     </span>
     <span class='ocr_line' id='line_1_28' title="bbox 103 2773 1917 2845; baseline 0.003 -25"><span class='ocrx_word' id='word_1_208' title='bbox 103 2787 173 2820; x_wconf 84' lang='lat' dir='ltr'><strong>ex</strong></span> <span class='ocrx_word' id='word_1_209' title='bbox 208 2787 302 2837; x_wconf 87' lang='lat' dir='ltr'><strong>quo</strong></span> <span class='ocrx_word' id='word_1_210' title='bbox 342 2788 482 2822; x_wconf 90' lang='lat' dir='ltr'><strong>usum</strong></span> <span class='ocrx_word' id='word_1_211' title='bbox 519 2781 570 2822; x_wconf 93' lang='lat' dir='ltr'><strong>et</strong></span> <span class='ocrx_word' id='word_1_212' title='bbox 607 2773 900 2824; x_wconf 81' lang='lat' dir='ltr'><strong>exercitium</strong></span> <span class='ocrx_word' id='word_1_213' title='bbox 942 2775 1229 2826; x_wconf 80' lang='lat' dir='ltr'><strong>facultatum</strong></span> <span class='ocrx_word' id='word_1_214' title='bbox 1264 2773 1631 2845; x_wconf 83' lang='lat' dir='ltr'><strong>Episcopalium</strong></span> <span class='ocrx_word' id='word_1_215' title='bbox 1670 2775 1917 2828; x_wconf 77' lang='lat' dir='ltr'><strong>moderari</strong></span> 
     </span>
     <span class='ocr_line' id='line_1_29' title="bbox 104 2854 1917 2929; baseline 0.002 -23"><span class='ocrx_word' id='word_1_216' title='bbox 104 2863 154 2906; x_wconf 89' lang='lat' dir='ltr'><strong>et</strong></span> <span class='ocrx_word' id='word_1_217' title='bbox 190 2854 402 2907; x_wconf 86' lang='lat' dir='ltr'><strong>limitare</strong></span> <span class='ocrx_word' id='word_1_218' title='bbox 439 2865 630 2925; x_wconf 68' lang='lat' dir='ltr'><strong>potest,</strong></span> <span class='ocrx_word' id='word_1_219' title='bbox 669 2874 770 2907; x_wconf 82' lang='lat' dir='ltr'><strong>non</strong></span> <span class='ocrx_word' id='word_1_220' title='bbox 805 2866 972 2909; x_wconf 84' lang='lat' dir='ltr'><strong>tamen</strong></span> <span class='ocrx_word' id='word_1_221' title='bbox 1009 2877 1098 2928; x_wconf 83' lang='lat' dir='ltr'><strong>pro</strong></span> <span class='ocrx_word' id='word_1_222' title='bbox 1136 2859 1276 2911; x_wconf 82' lang='lat' dir='ltr'><strong>libitu</strong></span> <span class='ocrx_word' id='word_1_223' title='bbox 1311 2869 1364 2912; x_wconf 89' lang='lat' dir='ltr'><strong>et</strong></span> <span class='ocrx_word' id='word_1_224' title='bbox 1400 2861 1634 2924; x_wconf 85' lang='lat' dir='ltr'><strong>arbitrio,</strong></span> <span class='ocrx_word' id='word_1_225' title='bbox 1674 2861 1758 2912; x_wconf 89' lang='lat' dir='ltr'><strong>sed</strong></span> <span class='ocrx_word' id='word_1_226' title='bbox 1795 2879 1917 2929; x_wconf 88' lang='lat' dir='ltr'><strong>qua-</strong></span> 
     </span>
     <span class='ocr_line' id='line_1_30' title="bbox 104 2940 1916 3016; baseline 0.003 -26"><span class='ocrx_word' id='word_1_227' title='bbox 104 2948 250 2991; x_wconf 89' lang='lat' dir='ltr'><strong>tenus</strong></span> <span class='ocrx_word' id='word_1_228' title='bbox 301 2940 353 2991; x_wconf 90' lang='lat' dir='ltr'><strong>in</strong></span> <span class='ocrx_word' id='word_1_229' title='bbox 399 2940 577 2991; x_wconf 91' lang='lat' dir='ltr'><strong>bonum</strong></span> <span class='ocrx_word' id='word_1_230' title='bbox 634 2949 685 2992; x_wconf 89' lang='lat' dir='ltr'><strong>et</strong></span> <span class='ocrx_word' id='word_1_231' title='bbox 739 2941 1132 2996; x_wconf 80' lang='lat' dir='ltr'><strong>aedificationem</strong></span> <span class='ocrx_word' id='word_1_232' title='bbox 1175 2941 1434 2996; x_wconf 72' lang='lat' dir='ltr'><strong>Ecclesiae</strong></span> <span class='ocrx_word' id='word_1_233' title='bbox 1480 2944 1739 3016; x_wconf 80' lang='lat' dir='ltr'><strong>expediat3</strong></span> <span class='ocrx_word' id='word_1_234' title='bbox 1790 2945 1916 2996; x_wconf 91' lang='lat' dir='ltr'><strong>unde</strong></span> 
     </span>
     <span class='ocr_line' id='line_1_31' title="bbox 103 3024 1917 3099; baseline 0.004 -24"><span class='ocrx_word' id='word_1_235' title='bbox 103 3024 273 3093; x_wconf 87' lang='lat' dir='ltr'><strong>nequit</strong></span> <span class='ocrx_word' id='word_1_236' title='bbox 318 3025 486 3077; x_wconf 87' lang='lat' dir='ltr'><strong>omnia</strong></span> <span class='ocrx_word' id='word_1_237' title='bbox 533 3025 592 3076; x_wconf 89' lang='lat' dir='ltr'><strong>ad</strong></span> <span class='ocrx_word' id='word_1_238' title='bbox 639 3042 694 3078; x_wconf 91' lang='lat' dir='ltr'><strong>se</strong></span> <span class='ocrx_word' id='word_1_239' title='bbox 737 3026 1019 3090; x_wconf 52' lang='lat' dir='ltr'><strong>attrahere,</strong></span> <span class='ocrx_word' id='word_1_240' title='bbox 1081 3037 1167 3079; x_wconf 82' lang='lat' dir='ltr'><strong>aut</strong></span> <span class='ocrx_word' id='word_1_241' title='bbox 1203 3025 1478 3099; x_wconf 82' lang='lat' dir='ltr'><strong>Episcopos</strong></span> <span class='ocrx_word' id='word_1_242' title='bbox 1516 3030 1656 3099; x_wconf 88' lang='lat' dir='ltr'><strong>quasi</strong></span> <span class='ocrx_word' id='word_1_243' title='bbox 1701 3029 1917 3082; x_wconf 75' lang='lat' dir='ltr'><strong>vicarios</strong></span> 
     </span>
     <span class='ocr_line' id='line_1_32' title="bbox 106 3111 1555 3184; baseline 0.002 -22"><span class='ocrx_word' id='word_1_244' title='bbox 106 3127 221 3162; x_wconf 84' lang='lat' dir='ltr'><strong>suos</strong></span> <span class='ocrx_word' id='word_1_245' title='bbox 258 3111 552 3175; x_wconf 83' lang='lat' dir='ltr'><strong>aestimare,</strong></span> <span class='ocrx_word' id='word_1_246' title='bbox 590 3111 650 3163; x_wconf 89' lang='lat' dir='ltr'><strong>de</strong></span> <span class='ocrx_word' id='word_1_247' title='bbox 686 3128 780 3179; x_wconf 87' lang='lat' dir='ltr'><strong>quo</strong></span> <span class='ocrx_word' id='word_1_248' title='bbox 816 3129 939 3163; x_wconf 77' lang='lat' dir='ltr'><strong>mox</strong></span> <span class='ocrx_word' id='word_1_249' title='bbox 977 3112 1180 3164; x_wconf 78' lang='lat' dir='ltr'><strong>dicenda</strong></span> <span class='ocrx_word' id='word_1_250' title='bbox 1217 3122 1364 3165; x_wconf 84' lang='lat' dir='ltr'><strong>erunt</strong></span> <span class='ocrx_word' id='word_1_251' title='bbox 1400 3115 1555 3184; x_wconf 83' lang='lat' dir='ltr'><strong>plura.</strong></span> 
     </span>
    </p>
   </div>
   <div class='ocr_carea' id='block_1_3' title="bbox 231 3313 1915 3397">
    <p class='ocr_par' dir='ltr' id='par_1_5' title="bbox 231 3313 1915 3397">
     <span class='ocr_line' id='line_1_33' title="bbox 231 3313 1915 3397; baseline 0.004 -17"><span class='ocrx_word' id='word_1_252' title='bbox 231 3337 265 3391; x_wconf 87' lang='lat'><strong>¹)</strong></span> <span class='ocrx_word' id='word_1_253' title='bbox 297 3313 559 3395; x_wconf 69' lang='lat' dir='ltr'><strong>Comparatio</strong></span> <span class='ocrx_word' id='word_1_254' title='bbox 601 3346 710 3383; x_wconf 82' lang='lat' dir='ltr'><strong>inter</strong></span> <span class='ocrx_word' id='word_1_255' title='bbox 739 3344 988 3396; x_wconf 79' lang='lat' dir='ltr'><strong>Episcopum</strong></span> <span class='ocrx_word' id='word_1_256' title='bbox 1032 3346 1257 3384; x_wconf 82' lang='lat' dir='ltr'><strong>Romanum</strong></span> <span class='ocrx_word' id='word_1_257' title='bbox 1299 3349 1340 3384; x_wconf 88' lang='lat' dir='ltr'><strong>et</strong></span> <span class='ocrx_word' id='word_1_258' title='bbox 1372 3345 1630 3397; x_wconf 81' lang='lat' dir='ltr'><strong>Eugubinum</strong></span> <span class='ocrx_word' id='word_1_259' title='bbox 1672 3349 1860 3388; x_wconf 78' lang='lat' dir='ltr'><strong>instituta</strong></span> <span class='ocrx_word' id='word_1_260' title='bbox 1894 3363 1915 3387; x_wconf 79' lang='lat' dir='ltr'><strong>a</strong></span> 
     </span>
    </p>
   </div>
   <div class='ocr_carea' id='block_1_4' title="bbox 103 3399 1919 3512">
    <p class='ocr_par' dir='ltr' id='par_1_6' title="bbox 103 3399 1919 3512">
     <span class='ocr_line' id='line_1_34' title="bbox 105 3399 1919 3457; baseline 0.004 -18"><span class='ocrx_word' id='word_1_261' title='bbox 105 3401 149 3439; x_wconf 83' lang='lat' dir='ltr'><strong>S.</strong></span> <span class='ocrx_word' id='word_1_262' title='bbox 181 3399 436 3452; x_wconf 84' lang='lat' dir='ltr'><strong>Hieronymo</strong></span> <span class='ocrx_word' id='word_1_263' title='bbox 467 3402 510 3440; x_wconf 87' lang='lat' dir='ltr'><strong>in</strong></span> <span class='ocrx_word' id='word_1_264' title='bbox 529 3400 720 3454; x_wconf 85' lang='lat' dir='ltr'><strong>Epistola</strong></span> <span class='ocrx_word' id='word_1_265' title='bbox 750 3403 802 3442; x_wconf 83' lang='lat' dir='ltr'><strong>ad</strong></span> <span class='ocrx_word' id='word_1_266' title='bbox 831 3403 1104 3454; x_wconf 80' lang='lat' dir='ltr'><strong>Evangelium</strong></span> <span class='ocrx_word' id='word_1_267' title='bbox 1124 3403 1372 3453; x_wconf 67' lang='lat' dir='ltr'><strong>Sacerdotis,</strong></span> <span class='ocrx_word' id='word_1_268' title='bbox 1406 3402 1638 3446; x_wconf 75' lang='lat' dir='ltr'><strong>non‘autem</strong></span> <span class='ocrx_word' id='word_1_269' title='bbox 1664 3407 1919 3457; x_wconf 77' lang='lat' dir='ltr'><strong>jurisdictio-</strong></span> 
     </span>
     <span class='ocr_line' id='line_1_35' title="bbox 103 3458 704 3512; baseline 0.008 -17"><span class='ocrx_word' id='word_1_270' title='bbox 103 3459 166 3496; x_wconf 76' lang='lat' dir='ltr'><strong>nis</strong></span> <span class='ocrx_word' id='word_1_271' title='bbox 195 3458 491 3508; x_wconf 74' lang='lat' dir='ltr'><strong>aequalitatem</strong></span> <span class='ocrx_word' id='word_1_272' title='bbox 522 3461 704 3512; x_wconf 64' lang='lat' dir='ltr'><strong>respicit.</strong></span> 
     </span>
    </p>
   </div>
  </div>
 </body>
</html>
