2326 3854
710 208 1306 265 ——43-—-

109 378 247 431 acin
283 375 498 428 materia·
532 374 641 427 fidei
672 375 789 426 fides
815 372 1074 425 Romanae
1111 369 1240 425 sedis
1277 385 1346 421 ex
1382 366 1690 419 institutione
1716 364 1903 418 Chi-isti

110 462 175 514 sit
217 469 376 530 petra
432 469 481 512 et
531 459 894 512 fundamentum
939 454 1228 518 Ecclesiae,
1286 470 1344 506 ac
1401 458 1635 505 centrum
1690 454 1903 503 unitatis

111 546 250 613 fidei,
297 563 403 598 cum
452 562 547 612 quo
593 542 746 596 totius
791 539 1045 594 Ecclesiae
1091 539 1212 593 fides
1256 535 1515 591 conveniat
1563 543 1612 587 et
1658 533 1710 585 in
1756 551 1904 586 unum

111 622 356 683 coalescat
391 644 595 680 necesse
631 635 725 679 est.

714 889 1119 962 CAPUT
1168 888 1297 960 ΙΙΙ.

108 1046 187 1092 De
201 1048 324 1104 jure
365 1061 676 1095 summorum
706 1044 1015 1102 Pontificum
1057 1050 1110 1093 et
1140 1043 1454 1102 generalium
1487 1041 1824 1091 Gemmarum
1854 1045 1907 1087 in

719 1107 946 1152 materiis
978 1091 1288 1161 disciplinae.

936 1246 982 1313 ς.
1033 1243 1108 1296 1.

106 1363 168 1403 De
202 1363 442 1404 Canonibus
483 1364 735 1414 disciplinae
778 1362 903 1413 editis
949 1362 997 1401 in
1042 1361 1231 1414 generali
1285 1359 1493 1409 Concilio,
1541 1361 1692 1411 quibus
1732 1362 1908 1402 accessit

106 1432 322 1469 assensus,
353 1435 423 1461 seu
457 1421 720 1471 confirmatio
750 1420 905 1461 summi
936 1415 1165 1468 Poutzflcis.
1229 1417 1320 1458 Hos
1352 1429 1534 1458 canones
1563 1419 1655 1469 ipse
1687 1419 1806 1459 debet
1836 1421 1908 1460 ob—

105 1491 267 1520 servare
297 1491 381 1520 non
406 1479 502 1528 jure
533 1480 756 1521 eorundem
787 1489 1009 1526 canonum,
1041 1478 1114 1517 sed
1145 1477 1289 1516 altiori
1319 1477 1510 1516 naturali
1541 1489 1592 1517 ac
1621 1478 1779 1528 divino,
1812 1479 1907 1529 qui-

576 1539 652 1578 bus
681 1538 808 1578 iidem
840 1534 1066 1586 Pontifices
1095 1535 1435 1584 obstringuntur.

250 1650 300 1699 1.
375 1647 432 1701 Si
466 1650 720 1718 loquamur
757 1648 820 1703 de'
863 1649 1022 1700 altera
1066 1647 1356 1715 quaestione
1408 1645 1461 1697 in
1506 1644 1727 1698 mateiiis
1763 1647 1907 1699 disci-

107 1726 317 1803 plinae,'
352 1733 483 1786 circa
532 1752 653 1803 quas
701 1733 920 1804 plerique
969 1748 1188 1784 canones
1235 1731 1538 1801 generalium
1575 1728 1908 1784 Conciliorum

105 1827 393 1882 versantur,
433 1818 684 1886 quaestio,
723 1805 839 1869 num
875 1816 926 1867 in
963 1816 1038 1867 his
1078 1814 1352 1868 Concilium
1389 1816 1622 1885 generale
1660 1815 1725 1866 sit
1761 1834 1910 1886 supra

105 1900 317 1971 Papam,
365 1903 457 1954 huc
493 1911 780 1966 revocatur,
827 1919 944 1952 num
981 1900 1217 1970 ejusmodi
1254 1898 1587 1952 Conciliorum
1624 1900 1822 1953 decreta
1858 1900 1909 1952 in

105 1985 313 2037 materia
357 1985 642 2056 disciplinae
690 2003 906 2038 summos
933 1984 1214 2038 ‘Pontifices
1259 1984 1479 2054 obligent
1527 2003 1615 2055 per
1661 2003 1801 2049 sese,
1861 1985 1909 2037 id

107 2079 181 2121 est
218 2088 332 2122 num
363 2073 477 2142 jure
514 2070 761 2140 generalis
799 2070 978 2141 synodi
1013 2070 1138 2122 istos
1174 2069 1506 2139 obstringant,
1543 2087 1634 2121 nec
1660 2088 1739 2122 ne.
1803 2069 1910 2123 Hac

107 2163 268 2206 autem
304 2155 357 2205 in
393 2173 449 2207 re
485 2165 565 2207 est
611 2155 1022 2225 distinguendum.
1097 2153 1203 2207 Vel*
1230 2154 1362 2206 enim
1410 2164 1486 2207 est
1523 2171 1687 2206 sermo
1733 2155 1795 2207 de
1829 2173 1909 2207 ca-

107 2238 316 2290 nonibus
364 2238 675 2309 disciplinae,
739 2256 862 2308 quos
910 2238 1052 2308 Papa
1105 2256 1205 2290 una
1265 2256 1372 2292 cum
1417 2236 1651 2289 Patribus
1703 2236 1911 2293 Concilii

109 2320 298 2384 sanxit,
335 2339 423 2373 seu
461 2342 491 2374 a
527 2322 763 2376 Patribus
794 2322 901 2393 jam
938 2323 1234 2376 constitutos
1271 2339 1360 2372 sua
1395 2323 1587 2389 quoque
1613 2323 1910 2376 auctoritate

109 2404 439 2470 confirmavit3
490 2408 570 2460 vel
618 2408 675 2459 de
710 2407 800 2471 iis,
830 2409 936 2476 'qui
974 2407 1147 2460 statuti
1185 2426 1212 2458 a
1253 2405 1372 2458 solis
1410 2402 1622 2458 Concilii
1657 2406 1909 2472 Patribus,

107 2487 277 2558 Papae
326 2505 535 2542 assensu
582 2501 630 2543 et
679 2492 1048 2544 confirmatione
1090 2500 1279 2561 carent.
1369 2488 1480 2541 Hoc
1527 2491 1687 2561 capite
1735 2502 1912 2561 agetur

107 2576 299 2624 tantum
336 2575 393 2626 de
429 2575 617 2645 primis.
693 2574 897 2629 Certum
936 2587 1014 2629 est
1050 2586 1212 2628 autem
1241 2591 1458 2645 canones
1493 2575 1553 2626 in‘
1583 2576 1910 2630 oecumenicis

108 2658 312 2727 synodis
350 2660 662 2725 constitutos,
701 2660 875 2729 quibus
910 2661 1067 2732 ipsius
1103 2659 1367 2712 Pontificis
1386 2677 1638 2712 >assensus
1674 2662 1756 2716 vel
1794 2679 1911 2713 con-

111 2741 334 2804 firmatio·
355 2744 582 2807 accessit,
619 2737 841 2814 obligare
865 2745 1024 2816 ipsum
1061 2744 1267 2815 Papam.
1319 2735 1415 2795 'At'
1451 2746 1688 2815 ejusmodi
1723 2746 1910 2816 obliga-

112 2823 183 2875 tio
217 2841 317 2874 non
353 2827 580 2894 provenit
616 2844 685 2878 ex
721 2828 930 2881 humano
960 2831 1105 2899 jure,
1157 2828 1234 2881 cui
1281 2846 1497 2881 summus
1545 2848 1737 2898 quoque
1773 2829 1912 2882 Pon-

112 2907 235 2959 tifex
275 2908 446 2960 subsit.
522 2908 839 2963 Concurrunt
886 2913 1013 2965 enim
1059 2914 1114 2971 iu
1161 2914 1432 2966 statuendis
1479 2915 1717 2984 ejusmodi
1761 2933 1911 2967 cano-

111 2990 253 3042 nibus
292 3001 341 3043 et
378 3006 599 3046 summus
615 2993 857 3048 Pontifex
893 3006 944 3049 ot
970 2995 1181 3050 Concilii
1206 2995 1438 3050 Patres.
1434 2995 1721 3068 obligatio
1748 3009 1910 3052 autem

113 3075 305 3126 humani
334 3075 480 3145 juriS,
517 3079 690 3146 quod
676 3098 726 3130 1n
765 3080 981 3132 subditos
1018 3090 1069 3136 et
1093 3081 1355 3155 infepiores
1390 3092 1580 3134 tantum
1606 3083 1704 3135 vim
1731 3083 1911 3134 habere

111 3148 296 3228 potest,
352 3179 588 3215 summum
636 3160 928 3216 Pontificem
983 3164 1180 3216 afficere
1220 3166 1427 3233 nequit,
1483 3183 1645 3234 neque
1688 3184 1758 3218 ex
1800 3168 1911 3236 jure

112 3242 262 3312 ipsius
295 3245 614 3301 assentientis
652 3258 736 3299 aut
773 3247 1108 3302 confirmantis
1142 3246 1426 3313 pontificis,
1483 3268 1640 3319 neque
1688 3269 1756 3303 ex
1804 3252 1912 3321 jure

114 3325 319 3379 Patrum
355 3329 564 3391 concilii.
638 3330 757 3383 Non
795 3350 863 3384 ex
900 3335 1015 3402 jure
1061 3332 1212 3403 ipsius
1249 3331 1575 3400 Pontificis3
1580 3353 1738 3405 neque
1782 3336 1910 3388 enim

112 3409 154 3460 is
190 3409 242 3461 in
278 3429 331 3463 se
369 3422 452 3463 aut
488 3413 541 3464 111
564 3431 878 3468 successoies
917 3435 1032 3469 suos
1070 3417 1168 3490 sibi
1188 3419 1431 3486 aequales
1457 3419 1650 3471 hahet
1635 3420 1906 3495 imperium.
