2326 3854
900 142 1564 199 -—-164———

303 306 478 360 ficibus
527 306 748 362 tributae
798 309 850 361 in
898 306 1116 361 ferendis
1165 306 1361 377 legibus
1408 304 1803 359 Ecclesiasticae
1858 307 2162 379 disciplinae.

302 393 443 448 Haec
480 405 708 467 potestas
754 395 1001 466 primatus
1050 392 1256 465 propria
1295 393 1584 446 conceditur
1637 411 1668 445 a
1703 390 1993 459 Febronio,
2043 413 2164 464 qua-

301 491 450 535 tenus
487 481 690 553 primati
730 498 963 551 supremo
1014 479 1251 551 competit
1297 479 1546 551 inspicere
1585 489 1636 532 et
1674 498 1986 551 proponere,
2036 498 2161 549 quae

302 568 554 639 regendae
603 565 867 619 Ecclesiae
917 567 1060 619 utilia
1106 567 1189 621 vel
1239 566 1533 619 necessaria
1573 566 1785 637 judicat.
1873 565 1985 619 Hoc
2038 566 2166 619 meri

301 656 610 713 director-ii,
667 652 874 706 honoris
923 663 975 707 et
1013 653 1205 705 ordinis
1237 655 1323 724 jus
1363 662 1458 706 est.
1539 650 1670 720 Quid
1722 662 1890 706 antem
1947 652 2007 705 de
2047 654 2165 724 jure

299 741 544 804 coaeum,
586 741 712 809 quod
754 741 816 793 ad
845 740 1252 812 jurisdictionem
1290 739 1493 812 proprie
1531 739 1712 793 dictam
1749 739 2009 811 pertinet?
2049 737 2163 792 Hoc

289 829 374 899 jus
411 825 455 878 F
458 826 701 880 ebronius
737 825 1114 881 Ecclesiasticis
1151 825 1457 879 Pontificum
1493 826 1688 898 legibus
1729 827 1853 880 adeo
1893 836 2067 898 negat,
2107 835 2164 878 ut

298 933 387 968 eas
426 913 528 969 vim
567 913 824 985 obligandi
870 932 972 966 non
1011 913 1197 967 habere
1236 915 1475 978 affirmet,
1524 913 1625 966 nisi
1665 914 1726 966 ab
1762 911 1994 968 Ecclesia
2032 913 2161 966 reci-

295 1002 528 1073 piantur,
581 1020 679 1072 qua
726 1001 780 1052 in
826 1019 884 1054 re
922 1019 1015 1053 nec
1063 1000 1386 1071 generalibus
1435 999 1660 1054 conciliis
1710 1001 1900 1072 parcit,
1951 1019 2160 1070 quorum

294 1090 434 1161 leges
473 1089 609 1143 circa
647 1088 956 1160 disciplinam
995 1089 1168 1142 eadem
1206 1087 1491 1141 conditione
1531 1087 1818 1160 adstringit.
1894 1085 1970 1140 Ita
2007 1106 2161 1159 porro

295 1177 537 1249 ejusmodi
595 1177 762 1247 legum
823 1176 1144 1229 ferendarum
1191 1173 1555 1228 Ecclesiastica
1605 1174 1891 1247 jurisdictio
1951 1193 2162 1247 prorsus

293 1264 586 1317 destruitur.
666 1261 951 1316 Generales
989 1264 1130 1333 leges
1156 1260 1571 1328 Ecclesiasticae‚
1611 1281 1741 1333 quae
1773 1280 1947 1315 omnes
1985 1262 2161 1333 ligent,

293 1351 418 1404 ferri
473 1369 577 1404 non
634 1360 848 1422 possunt
902 1349 1003 1402 nisi
1056 1351 1118 1402 ab
1175 1349 1238 1402 iis
1295 1349 1380 1419 qui
1435 1350 1532 1402 toti
1578 1348 1843 1403 Ecclesiae
1898 1359 2156 1422 praesunt.

294 1437 454 1491 Tales
501 1447 620 1490 sunt
667 1434 814 1508 Papa
864 1446 914 1490 et
968 1434 1211 1509 Episcopi
1263 1436 1475 1490 adunati*
1517 1437 1571 1490 in
1634 1437 1864 1508 generali
1925 1437 2157 1491 concilio.

292 1523 389 1588 His
429 1534 596 1578 antem
634 1523 715 1579 vis
755 1524 948 1596 ligandi
988 1543 1018 1577 a
1046 1521 1256 1577 Christo
1294 1524 1574 1585 traditam
1601 1522 1761 1577 Petro
1801 1534 1852 1577 et
1877 1525 2160 1596 ApostoliS,

293 1632 394 1665 non
432 1612 524 1665 fuit
560 1612 750 1665 tradita
788 1613 879 1665 sub
921 1612 1208 1666 conditione
1246 1629 1526 1665 consensus
1553 1610 1624 1683 ¹):
1678 1611 1804 1664 alias
1841 1611 1940 1683 ipsi
1976 1610 2065 1684 per
2104 1628 2159 1664 se

293 1719 394 1752 non
433 1699 684 1770 ligarent,
733 1698 834 1751 nisi
871 1718 1044 1752 eornm
1097 1699 1282 1753 subditi
1322 1718 1415 1752 suo
1455 1717 1707 1751 consensu
1745 1698 2048 1771 recipientes
2086 1699 2157 1752 lc-

291 1806 433 1859 gem,
472 1805 528 1840 se
566 1785 719 1858 ligari
757 1786 1014 1840 sinerent:
1064 1788 1197 1857 qnod
1248 1797 1385 1840 esset
1423 1786 1524 1842 vim
1573 1796 1625 1840 et
1661 1796 1965 1858 potestatem
2004 1785 2158 1857 legis-

290 1875 495 1930 lativam
535 1873 695 1928 Petro
745 1884 797 1928 et
834 1873 1098 1947 Apostolis
1149 1894 1423 1946 corumque
1473 1874 1853 1928 successoribus
1902 1873 2054 1927 etiam
2103 1872 2155 1926 in

289 1961 503 2015 concilio
542 1961 762 2016 collectis
803 1962 1055 2028 adimere,
1105 1972 1255 2033 atque
1292 1964 1345 2016 in
1383 1961 1723 2033 receptionem
1765 1970 1816 2014 et
1853 1979 2155 2015 consensum

290 2049 600 2102 subditorum
650 2051 952 2103 transferre.
1040 2047 1168 2103 Cum
1217 2051 1389 2120 itaque
1437 2049 1490 2101 in
1540 2048 1756 2101 istorum
1805 2048 2018 2101 arbitrio
2067 2065 2157 2120 po-

289 2137 440 2190 situm
467 2155 581 2192 *non
621 2134 718 2202 sit,
766 2145 822 2187 ut
858 2134 1272 2192 Ecclesiasticam
1312 2137 1476 2208 legem
1529 2154 1559 2188 a
1596 2134 1744 2207 Papa
1795 2144 1884 2188 aut
1922 2132 2153 2189 Concilio

289 2224 516 2296 generali
554 2223 737 2277 editam
786 2223 1034 2295 recipiant
1081 2226 1164 2280 vel
1211 2233 1483 2296 respuant3
1531 2231 1723 2276 certum
1775 2231 1854 2275 est
1903 2240 1974 2275 ex
2011 2221 2155 2294 Apo-

291 2312 421 2364 stolo
461 2311 521 2364 ad
549 2309 815 2363 Romanos
845 2311 931 2364 13.
974 2330 1062 2366 eos
1079 2312 1332 2383 graviter
1370 2329 1599 2383 peccare,
1640 2309 1853 2380 quinon
1879 2308 2153 2362 obediendo

290 2397 655 2453 contumaciter
702 2399 954 2470 superiori
999 2400 1244 2472 potestati
1292 2399 1567 2453 resistunt:
1614 2397 1713 2450 nisi
1761 2398 1893 2451 forte
1930 2397 2156 2469 ipsorum

290 2487 638 2558 legislatorum
674 2485 942 2540 voluntate
992 2497 1043 2540 et
1093 2504 1346 2539 consensu
1391 2482 1582 2539 saltem⁸
1622 2484 1777 2538 tacito
1811 2484 2152 2553 ‘praesumen-

290 2576 402 2626 dum
442 2574 534 2639 sit,
580 2573 718 2644 ipsos
755 2571 809 2623 in
845 2575 1055 2626 ferenda
1092 2575 1206 2644 lege
1244 2573 1470 2625 noluisse
1518 2572 1713 2642 aliquos
1751 2571 2041 2642 obligarem
2073 2569 2154 2623 Ita

290 2671 429 2715 certa
478 2670 558 2714 est
605 2659 975 2731 praesumptio,
1029 2659 1383 2713 Tridentinam
1434 2660 1680 2730 synodum
1730 2657 1948 2710 decretis
1997 2656 2155 2729 perti-

290 2746 526 2802 nentibus
567 2745 630 2799 ad
669 2763 811 2797 usum
850 2745 1040 2800 latinae
1086 2747 1288 2819 linguae
1339 2746 1394 2798 in
1441 2746 1626 2800 divinis
1665 2744 1872 2810 officiis,
1925 2745 1986 2797 ad
2023 2744 2154 2797 ritus

293 2845 344 2889 et
379 2837 570 2887 formas
609 2833 886 2901 aliquorum
925 2832 1404 2899 Sacramentorum‚
1464 2834 1526 2886 ad
1564 2851 1707 2886 usum
1755 2831 1922 2885 calicis
1961 2840 2014 2884 et
2050 2830 2150 2884 alia

291 2921 472 2974 similia
511 2919 802 2991 disciplinae
853 2922 1048 2994 capita⁷
1105 2921 1224 2975 licet
1262 2921 1586 2993 generalibus
1622 2918 1793 2974 verbis
1830 2918 2018 2972 fuerint
2055 2936 2153 2971 ex-z

291 3027 500 3081 pressa,
561 3007 784 3060 noluisse
845 3006 1136 3063 Orientales
1184 3008 1430 3080 obligare.
1519 3005 1590 3060 Et
1649 3005 1879 3059 similiter
1941 3005 2023 3056 ubi
2082 3022 2151 3058 ex

291 3095 626 3161 concordatiS‚
664 3095 746 3148 vel
784 3112 854 3148 ex
894 3097 1128 3149 diuturna
1167 3096 1393 3168 regionis
1434 3093 1792 3149 consuetudine
1830 3093 1953 3164 ipsis
1993 3091 2152 3163 legis-

418 3279 455 3333 ¹)
488 3284 668 3336 Scripsit
699 3286 954 3336 Augustinus
986 3287 1011 3328 Ι.
1045 3287 1087 3329 3.
1121 3287 1172 3327 de
1204 3287 1325 3329 liber.
1359 3285 1508 3326 arbitr.
1544 3297 1580 3328 c.
1602 3283 1677 3325 24.
1735 3281 2033 3333 ‘Praeceptum-
2061 3292 2149 3321 mm

291 3346 353 3384 est
384 3344 436 3384 ab
467 3345 568 3391 illo,
604 3346 676 3384 cm·
706 3347 1004 3396 praecipitur,
1037 3346 1113 3387 sed
1143 3346 1197 3387 ab
1230 3348 1303 3388 illo
1337 3347 1412 3399 qui
1443 3344 1677 3397 praecipit.
1741 3342 1853 3382 Idem
1885 3341 2146 3382 sentiendum

289 3403 340 3441 de
373 3403 549 3454 legibus,
584 3416 755 3454 quarum
787 3406 852 3444 vis
885 3419 910 3445 a
941 3410 1154 3458 potestate
1186 3408 1481 3458 legislatorum,
1512 3415 1595 3443 non
1629 3403 1682 3442 ab
1715 3403 2012 3454 acceptatione
2046 3400 2146 3440 sub-

289 3463 471 3502 ditorum
504 3462 800 3513 proficiscitur.
1608 3469 1614 3470 ’
