2326 3854
901 154 1565 212 —180—

305 323 524 377 instituti
563 325 750 378 fuerint
790 344 818 378 a
858 323 1064 378 Christo
1103 324 1157 375 in
1196 325 1381 378 honum
1419 322 1712 391 Ecclesiae⁷
1762 343 1865 379 non
1900 345 2024 385 vero
2062 329 2163 383 Ec·

307 411 461 465 clesia
497 411 549 465 in
587 410 983 484 Episcoporun13
1024 410 1074 463 hi
1112 410 1317 465 utilitati
1353 412 1435 467 vel
1474 411 1768 465 necessitati
1791 410 2164 470 -Ecclesiaeita

306 499 489 554 debent
529 500 763 564 studere,
813 507 868 549 ut
906 515 1009 550 non
1046 497 1214 568 inique
1254 498 1450 565 ferant,
1500 498 1548 552 ‘si
1588 517 1659 552 ex
1698 500 1914 555 utilitate
1953 502 2039 556 vel
2072 518 2164 556 nea-

306 586 546 641 cessitate
610 585 826 656 ejusdem
892 582 1152 640 Ecclesiae
1217 586 1406 656 aliquot
1465 588 1759 641 facultatum
1823 603 2027 642 suarum
2082 607 2166 642 re-

306 673 641 738 strictionem,
682 670 1097 738 moderationem,
1137 682 1221 726 aut
1249 674 1915 748 reservationemsuprema
1939 686 2165 749 potestas

306 760 582 815 faciendam
621 759 894 812 censuerit.
973 759 1279 815 Tridentina
1325 762 1522 833 quidem
1569 764 1889 818 oecumenica
1941 764 2166 837 synodus

305 850 416 901 huic
454 865 718 919 supremae
753 848 1008 928 potestati
1034 848 1309 903 vindicavit
1347 846 1522 921 (Sess.
1552 850 1602 904 7.
1643 868 1752 924 cap.
1780 852 1828 906 7.
1870 852 1928 905 de
1968 850 2166 924 Poen.)

305 934 703 998 reservationem
729 935 1023 1007 graviorum
1050 935 1330 998 criminum,
1369 954 1400 988 a
1430 937 1608 1007 quibus
1634 935 1874 1011 Episcopi
1910 939 2166 1011 primaevo

305 1023 562 1077 ordinario
611 1025 730 1095 jure
779 1031 1017 1095 poterant
1062 1024 1355 1091 absolvere3
1420 1043 1515 1078 nec
1578 1024 1841 1096 quisquam
1887 1023 2166 1080 catholicus

306 1122 484 1185 potest·
521 1110 763 1184 injustam
808 1109 862 1163 in
913 1111 1006 1164 hoc
1057 1110 1375 1167 invasionem
1427 1111 1713 1179 criminari,
1772 1112 1891 1183 quin
1939 1112 2168 1184 'generali

304 1218 501 1271 quoque
539 1197 751 1252 concilio
790 1196 1131 1268 ignorantiam
1171 1210 1321 1269 atque
1359 1199 1658 1271 injustitiam
1697 1200 1961 1273 impingat.
2037 1197 2169 1254 Esto

305 1288 430 1342 haec
466 1285 753 1341 reservatio
793 1285 1112 1340 occasionem
1151 1287 1423 1359 sumpserit
1461 1305 1531 1340 ex
1555 1286 1921 1360 Episcoporum
1949 1306 2169 1358 quorun-

305 1376 418 1427 dam
456 1373 707 1427 delatione
745 1375 807 1427 ad
844 1372 1192 1446 Apostolicam
1231 1373 1432 1440 Sedem,
1472 1385 1526 1427 ut
1562 1386 1832 1448 peccantes
1871 1375 1966 1429 hoc
1991 1377 2167 1429 fraeno

306 1468 621 1515 coemerent.
699 1459 843 1515 Haec
879 1460 988 1533 ipsa
1029 1460 1153 1516 vero
1203 1481 1306 1515 non
1356 1462 1548 1534 exigua
1583 1463 1959 1535 particularium
1997 1478 2169 1518 reser-

305 1548 566 1603 vationum
603 1547 816 1615 utilitas,
856 1567 986 1619 quae
1024 1549 1212 1603 sensim
1254 1550 1314 1603 ad
1357 1550 1679 1603 statuendam
1717 1550 2015 1621 generalem*
2045 1565 2169 1622 quo-

307 1637 516 1690 rundam
556 1636 850 1708 graviorum
890 1634 1152 1691 criminum
1192 1637 1591 1692 reservationem
1634 1638 1871 1705 adduxit,
1910 1643 2087 1693 nonne
2117 1638 2169 1691 in

308 1740 542 1797 magnam
604 1722 882 1779 Ecclesiae·
925 1723 1190 1778 utilitatem
1251 1743 1310 1779 ac
1373 1726 1558 1778 bonum
1616 1724 1779 1793 cedit?
1856 1723 2168 1799 Quis'ergo

309 1815 438 1867 hunc
482 1812 625 1884 quasi
683 1823 786 1867 non
841 1813 1099 1867 ferendum
1155 1812 1437 1885 potestatis·
1484 1811 1693 1866 abusum
1748 1813 1972 1893 venditet
2010 1823 2171 1885 vatque

312 1901 589 1973 suggillet?
1779 1897 1785 1900 ”
2134 1926 2139 1931 “
2176 1961 2179 1963 ,

458 1990 510 2042 5.
586 1988 732 2042 Duae
771 1989 1123 2061 exceptioneS,
1162 1988 1341 2058 quibus
1370 1987 1726 2043 Tridentinum
1768 1989 1890 2043 illud
1915 1979 2170 2044 decretum

309 2087 595 2131 extenuare
633 2076 774 2130 nisus
813 2085 892 2129 est
929 2073 1241 2141 FebroniUS,
1299 2076 1626 2130 inanissimae
1665 2087 1799 2130 sunt.
1832 2112 1835 2115 Δ
1875 2076 1970 2130 Ait
2007 2076 2168 2150 primo

311 2163 384 2236 (c.
425 2166 476 2220 7.
518 2164 565 2233 §.
607 2163 659 2217 6.
702 2183 752 2216 11.
794 2163 846 2217 6.
897 2173 932 2219 t.
975 2164 1026 2215 9.
1067 2181 1184 2235 pag.
1227 2162 1360 2235 28),
1414 2159 1901 2219 hanc-Pontificiam
1958 2164 2171 2217 faculta-

309 2262 429 2317 tem,
468 2269 596 2322 quae
635 2269 706 2304 ex
745 2251 1055 2322 quorundam
1094 2248 1460 2324 Episcoporum
1501 2247 1752 2305 delatione
1790 2260 1953 2303 ortum
1981 2250 2170 2317 habuit,

312 2358 421 2393 cum
475 2339 536 2392 ad
583 2338 823 2410 gencrale
870 2338 1242 2393 reservationis
1293 2340 1548 2393 decretum
1598 2348 1725 2393 sese
1763 2338 2021 2401 extendit,
2071 2339 2170 2393 vim

313 2429 590 2500 sumpsisse
629 2446 698 2481 ex
740 2427 1013 2480 eorundem·
1050 2424 1418 2500 Episcoporum
1457 2445 1738 2493 consensu,
1788 2426 1996 2500 perinde
2031 2444 2092 2480 ac
2129 2427 2171 2478 si

312 2514 381 2566 illi
417 2513 690 2587 proprium·
704 2516 790 2585 jus
824 2513 878 2565 in
916 2512 1217 2568 Pontificem
1254 2514 1629 2569 transtulerint.
1654 2548 1657 2553 Δ
1687 2514 1826 2569 Num
1863 2515 2172 2585 quorundam

312 2598 679 2674 Episcoporum
717 2598 1074 2667 observantia,
1126 2620 1254 2671 quae
1291 2602 1436 2656 initio
1475 2603 1805 2674 particulares
1842 2620 1990 2656 casus
2028 2601 2172 2674 Apo-

315 2688 524 2742 stolicae
563 2685 685 2741 Sedi
708 2688 1044 2754 detulerunt,
1095 2689 1311 2760 probare
1362 2699 1530 2761 potest
1582 2694 1884 2743 consensum
1935 2688 2171 2754 omnium,

314 2776 400 2847 qui
437 2776 497 2830 de
534 2775 623 2829 tali
659 2784 917 2848 potestate
956 2776 1046 2828 abs
1085 2794 1141 2829 se
1179 2776 1455 2830 abdicanda
1493 2797 1557 2831 ne
1607 2777 1897 2848 cogitarunt
1934 2776 2172 2847 quidem?

315 2862 452 2916 Num
491 2863 576 2934 qui
611 2862 758 2918 initio
804 2863 1091 2917 detulerunt
1129 2882 1217 2917 eos
1259 2883 1412 2922 casusv
1463 2865 1526 2918 ad
1575 2865 1786 2918 eandem
1835 2864 2032 2930 sedem,
2083 2877 2172 2936 po*

317 2960 588 3016 testatem,
632 2969 763 3021 quae
800 2951 888 3004 isti
927 2962 1405 3024 noncompeteret,
1433 2952 1604 3006 eidem
1643 2951 1789 3022 quasi
1818 2952 1923 3024 juri
1960 2947 2173 3006 suom-eh·

317 3039 614 3091 nuntiantes
650 3036 892 3093 tribuisse
931 3039 1122 3093 dicendi
1164 3042 1315 3092 sunt?
1354 3037 1489 3092 Num
1528 3038 1585 3093 S.
1625 3029 1843 3103 Petrus,
1879 3038 1966 3107 qui
2003 3034 2171 3090 omitia

318 3126 518 3181 solvere
556 3135 607 3178 et
652 3125 813 3197 ligare
860 3131 1061 3199 pote‘rat
1119 3146 1190 3180 ex
1240 3127 1557 3181 institutione
1601 3127 1761 3199 ipsius
1800 3123 2020 3190 Christi,
2070 3143 2170 3178 non

315 3214 566 3286 potuisset
601 3213 654 3266 in
690 3214 806 3289 illis*
837 3215 1037 3287 casibus
1076 3215 1369 3281 absolvere,
1418 3215 1518 3284 nisi
1560 3214 1690 3277 hanc
1738 3222 2039 3285 potestatem
2078 3213 2174 3267 sibi

316 3299 554 3373 Episcopi
592 3302 1000 3357 concessissent?
1065 3301 1202 3371 Num
1250 3302 1415 3356 minor
1453 3312 1532 3356 est
1569 3300 1917 3354 Romanorum
1957 3300 2172 3354 Pontifi-

318 3405 427 3440 cum
468 3388 771 3456 auctoritaS,
827 3389 883 3457 in¹
930 3401 1055 3460 quos
1112 3383 1447 3462 idem'Petri'(
1478 3388 1724 3461 primatus
1781 3407 1839 3440 ac
1885 3386 2172 3459 jurisdictio

318 3474 587 3528 transivit?
663 3475 851 3530 Nonne
888 3476 1050 3548 ipsum
1090 3466 1462 3529 Tridentinnm
1485 3472 1764 3528 Concilium
1804 3484 1965 3528 totum
2002 3493 2170 3542 reser-
