2326 3854
1000 104 1618 160 *48*

375 276 633 341 potestis,·
679 274 777 326 sed
811 280 989 325 utrum
1028 279 1080 323 et
1116 268 1380 330 debeatis,
1419 275 1660 339 quaestio
1698 279 1792 324 est.
1859 270 1972 340 'Qui
2008 284 2231 347 potesta-

382 369 483 413 tem
521 378 622 413 non
661 369 833 430 negat,
873 359 961 412 sed
998 357 1177 409 adesse
1211 355 1496 427 profitetur,
1535 365 1586 410 et
1610 356 1775 409 solum*
1795 359 1903 429 ejus
1929 360 2229 415 exercitium

382 456 433 500 et
469 464 613 500 usum
651 445 902 500 contineri
937 443 1045 498 vult
1080 442 1217 495 intra
1238 442 1241 446 ’
1245 443 1478 514 justitiae
1516 443 1728 513 limiteS‚
1778 463 1844 499 ne
1881 446 1943 498 ad
1988 446 2040 498 id
2075 465 2230 503 exce-

381 533 498 598 dat,
539 534 669 603 quod
693 531 740 605 ¹)
781 550 884 584 non
923 530 1161 601 expedit3
1207 529 1414 584 eandem
1453 549 1557 583 non
1595 549 1840 584 canonum
1871 532 1977 604 juri
2026 534 2232 589 subesse

381 630 572 685 censet,
611 619 700 673 sed
735 616 959 670 naturali
997 625 1148 687 atque
1184 616 1381 682 divino,
1421 618 1549 687 quod
1589 636 1873 690 supremam
1910 638 2106 692 quoque
2141 641 2231 693 po—

379 715 616 759 testatem
655 703 951 776 Principum
988 722 1092 756 non
1130 703 1426 759 absimiliter
1463 705 1755 776 obstringit.
1829 704 1909 760 Ita
1945 707 2095 761 etiam
2123 726 2233 762 cum

380 791 436 844 S.
463 791 705 845 Irenaeus
741 791 796 843 in
835 791 1132 861 quaestione
1170 791 1231 844 de
1267 789 1346 843 die
1382 791 1636 861 paschatis
1662 791 1720 846 S.
1748 792 2012 848 Victorem
2038 793 2234 866 Papam

380 896 642 933 removere
680 877 866 931 studuit
904 898 936 931 a
960 877 1171 931 ferenda
1209 878 1750 932 excommunicationis
1774 881 2028 935 sententia
2053 893 2234 936 contra

378 964 630 1032 AsianOS,
678 964 730 1017 ni
769 963 1058 1019 Romanam
1107 982 1167 1018 ac
1214 974 1495 1018 ceterarum
1533 963 1878 1020 Ecclesiarum
1914 969 2232 1022 consuetudi-

380 1070 493 1105 uem
530 1051 968 1122 amplecterentur,
1007 1070 1111 1104 non
1148 1050 1361 1122 negavit
1396 1051 1527 1105 illius
1564 1063 1894 1125 potestatem,
1934 1055 2026 1108 sed
2059 1050 2231 1110 osten-

378 1141 502 1208 dens
539 1155 643 1190 non
681 1139 924 1210 expedire
962 1157 1051 1192 eos
1089 1139 1184 1192 hac
1222 1139 1282 1192 de
1331 1157 1484 1192 causa
1522 1158 1762 1212 separare
1813 1159 1844 1194 a
1882 1159 2094 1214 corpore
2131 1141 2232 1196 Ec-

379 1228 584 1292 clesiae,
619 1245 764 1279 usum
801 1226 1144 1279 tantummodo
1169 1226 1438 1299 potestatis
1474 1225 1612 1279 intra
1649 1227 1851 1280 eosdem
1889 1228 2093 1294 limites,
2125 1240 2233 1283 'non

377 1315 624 1382 humano,
673 1313 763 1367 sed
809 1313 1029 1366 naturali
1062 1312 1344 1382 divinoque
1371 1314 1515 1383 jure,
1566 1312 1761 1384 cuique
1781 1328 2043 1386 supremae
2081 1316 2230 1370 etiam

378 1401 622 1473 potestati
660 1398 992 1472 praefinitoS‚,
1014 1399 1345 1454 coercendum
1381 1398 1639 1455 indicavit.

1211 1563 1260 1631 g,
1308 1561 1396 1615 ιιι.

380 1670 658 1721 (Ὗτὶηιὶηαΐὶο,
712 1680 822 1721 quae
859 1670 1092 1709 multorum
1131 1667 1230 1708 odio
1278 1669 1319 1707 et
1363 1666 1558 1708 invidiae
1597 1668 1894 1720 Apostolicam
1932 1669 2232 1710 auctoritatem

1085 1727 1285 1779 exponit.
1318 1724 1518 1775 disjecta.

523 1830 576 1881 5.
650 1827 740 1880 Ex
790 1827 867 1880 his
916 1827 1090 1896 facile,
1138 1838 1193 1881 ut
1249 1827 1515 1893 arbitror„
1554 1846 1803 1899 agnosces
1849 1829 2035 1895 lector,
2085 1847 2231 1900 quam

376 1933 643 1988 perperam
692 1915 888 1985 quidam
950 1914 1230 1970 adversarii
1281 1916 1342 1968 ad
1389 1913 1626 1969 invidiam
1678 1923 1886 1968 nostrae
1943 1917 2230 1970 sententiae

376 2001 688 2056 conflandam
739 2002 977 2073 jactitent
1026 2000 1249 2074 (Confer
1294 2000 1559 2056 Vindicias
1618 2019 1662 2054 c.
1710 2000 1827 2073 4.),
1898 2000 2225 2059 pontificiam

373 2099 677 2162 potestatem
715 2089 776 2142 ab
805 2089 1027 2161 ejusdem
1054 2088 1335 2143 sententiae
1362 2088 1708 2143 defensoribus
1746 2089 1820 2142 ita
1856 2089 2046 2156 efferri,
2084 2090 2228 2160 quasi

376 2177 582 2230 summis
632 2175 967 2230 Pontificibus
1015 2177 1249 2229 tribuant>
1300 2194 1451 2248 posse
1509 2177 1572 2230 ad
1627 2194 1684 2229 se
1735 2176 1994 2230 attrahere
2043 2178 2227 2242 omnia,

373 2263 740 2336 Episcoporum
779 2264 1131 2323 auctoritatem
1169 2281 1319 2336 posse
1368 2264 1431 2318 ad
1467 2263 1660 2316 libitum
1698 2273 2011 2329 extenuare,
2054 2263 2229 2318 »sacris

376 2351 653 2406 canonibus
714 2351 1015 2406 universalis
1070 2341 1332 2405 Ecclesiae
1389 2350 1719 2406 veneratione
1775 2350 2088 2405 consecratis
2137 2357 2228 2423 pro

375 2439 587 2492 arbitrio
638 2437 893 2507 contraire
908 2477 923 2504 ,
981 2438 1226 2510 nullisque
1278 2438 1516 2492 limitibus
1577 2440 1858 2510 Supremam
1900 2448 1993 2492 >ets
2030 2439 2228 2510 plenam

372 2535 674 2597 potestatem
699 2520 998 2579 'eorundem
1036 2523 1340 2579 Pontificum
1396 2525 1638 2593 coerceri.
1713 2524 1905 2579 Nonne
1927 2526 2066 2587 *haec
2101 2525 2245 2585 satis,

367 2615 497 2684 jurev
522 2613 606 2666 illo
646 2612 814 2667 divino
854 2629 917 2664 ac.
949 2611 1166 2666 naturali
1202 2611 1586 2682 constringitur,
1624 2612 1904 2681 quodeam
1941 2612 2100 2664 solam
2135 2630 2226 2683 po-

374 2708 614 2774 testatem
649 2699 774 2771 ipsis
810 2697 1047 2751 traditam
1085 2697 1330 2764 concedit,
1367 2716 1498 2768 quae
1533 2698 1587 2750 in
1623 2695 1886 2752 Ecclesiae
1921 2697 2227 2752 aedificatio-

375 2805 490 2840 nem
525 2785 722 2857 ‚vergit3
772 2795 917 2840 vetat
966 2796 1132 2839 autem
1184 2804 1323 2851 eam,
1381 2803 1471 2838 seu
1518 2804 1631 2839 eum
1683 2785 1951 2857 potestatis
1999 2786 2225 2852 abusum,

375 2872 459 2943 qui
497 2872 699 2938 cederet
735 2873 789 2925 in
826 2872 1251 2927 destructionem?
1306 2871 1462 2925 Immo
1501 2891 1613 2926 cum
1651 2872 1962 2927 canones-in
1999 2873 2227 2930 aedifica-

374 2959 565 3014 tionem
600 2957 864 3014 Ecclesiae
898 2959 1084 3013 fuerint
1122 2959 1410 3027 constituti3
1458 2959 1636 3013 iisdem
1684 2978 1881 3031 quoque
1927 2959 2092 3030 aliqua
2138 2979 2223 3012 ra-

373 3047 512 3101 tione
549 3047 832 3119 constringi
868 3047 965 3101 dici
1000 3057 1214 3119 possunt
1261 3046 1441 3101 summi
1478 3046 1782 3117 PontificeS‚
1829 3056 2076 3116 quatenus
2113 3064 2223 3100 cum

503 3236 537 3292 1)
571 3239 740 3293 Confer,
772 3240 808 3280 si
840 3239 958 3293 libet,
991 3248 1097 3291 quae
1127 3240 1172 3280 in
1203 3239 1314 3279 hanc
1344 3250 1432 3279 rem
1462 3238 1670 3290 explicavi
1703 3237 1745 3277 in
1768 3234 2146 3278 Observationibus
2167 3237 2222 3277 ad

374 3299 712 3339 dissertationem
741 3300 788 3341 V.
821 3300 1035 3343 Quesnelli
1077 3304 1175 3342 tom
1208 3300 1253 3339 2.
1295 3300 1476 3350 Operum
1508 3299 1554 3338 S.
1584 3298 1741 3338 Leonis
1771 3297 1873 3339 edit.
1904 3296 2005 3338 Ven.
2037 3300 2145 3350 part.
2180 3298 2218 3337 1.

377 3372 412 3397 c.
448 3360 491 3398 7.
534 3371 631 3410 pag.
663 3359 767 3400 979.
798 3370 840 3400 ιι.
872 3360 901 3398 5
935 3362 977 3399 et
1009 3372 1126 3411 seqq
1188 3358 1296 3399 Vide
1326 3358 1456 3401 etiam
1488 3370 1524 3397 c.
1557 3359 1600 3398 6.
1633 3356 1787 3397 ibidem
1820 3369 1859 3397 n
1894 3358 1984 3407 30,
2015 3358 2134 3409 plura
2167 3356 2219 3396 de

375 3418 438 3457 his
471 3418 734 3459 invenientur
765 3419 807 3458 in
839 3420 1111 3471 sequentibus
1142 3419 1341 3462 vindiciis
1374 3430 1410 3462 c.
1441 3418 1486 3460 3.
1521 3420 1564 3457 et
1592 3417 1636 3459 4.
