2326 3854
735 199 1290 253 *5*

111 366 396 432 paratioue
436 366 509 414 ad
540 364 724 431 fideles
764 362 1026 429 sinyulos,
1075 358 1182 428 eff)
1231 362 1304 411 ad
1331 361 1693 427 particulares
1734 361 1911 411 Eccle-

116 467 246 516 sias:
295 463 427 532 quod
457 461 584 514 idem
617 470 699 513 est
736 478 792 514 ae
829 459 1074 530 profiteri,
1125 457 1377 512 Ecclesias
1413 457 1764 528 particula1·e3‚
1822 476 1909 510 seu

115 561 479 633 particularium
527 557 861 611 Ecclesiarum
911 558 1147 624 concilia,
1205 576 1328 627 quae
1374 576 1472 609 non
1510 557 1580 609 ita
1616 575 1909 627 repraesen-

116 672 226 714 tant
259 661 537 714 universam
565 655 868 722 Ecclesiam,
905 658 976 708 uti
1013 667 1418 728 repraesentatur
1454 676 1484 709 a
1521 657 1736 710 conciliis
1763 675 1911 710 oecu-

113 760 343 823 meniciS‚
420 755 590 827 subjici
648 775 925 824 supremae
973 764 1026 808 et
1063 760 1261 824 plenae
1293 757 1559 827 potestati.
1594 755 1908 821 Pontificum,

112 860 387 927 nullumque
432 856 483 908 in
527 873 614 908 eos
653 857 736 926 jus
785 873 842 907 ac
889 864 1186 926 potestatem
1238 855 1436 908 habere.
1510 856 1617 909 Hac
1663 858 1721 909 de
1759 876 1910 910 causa

110 959 194 1011 lib.
238 956 321 1010 10.
362 956 705 1024 Defensiom‘s
743 955 807 1005 al.
851 954 934 1019 15,
974 973 1017 1007 c.
1057 957 1142 1008 20.
1171 973 1413 1025 expresse
1439 955 1629 1008 docuit:
1674 959 1759 1009 Sit
1782 977 1908 1026 erqo

101 1031 350 1127 mrem
391 1055 632 1107 Noms
668 1053 919 1106 ETIAM
949 1053 1464 1116 AUCTORIBUS
1502 1056 1734 1107 Romam·
1771 1058 1909 1109 Pon-

94 1155 262 1228 tificis
310 1154 653 1208 sacrosancta
700 1156 960 1225 majestas.
1036 1155 1206 1207 Nulla
1256 1173 1369 1206 eam
1406 1157 1638 1224 synodus
1670 1160 1910 1222 particu-

110 1260 240 1310 laris
261 1236 524 1327 judicare
554 1249 764 1305 audeat.
826 1252 934 1306 Hoc
968 1254 1158 1324 pariter
1194 1272 1344 1307 sensu
1370 1255 1527 1306 malos
1554 1272 1745 1323 quoque
1770 1254 1907 1308 Pon—

108 1357 262 1409 tifices
314 1375 418 1407 nou
469 1355 670 1406 subesse
720 1356 1050 1420 particulari
1097 1356 1323 1406 concilio
1374 1353 1640 1408 affirmavit
1687 1354 1769 1405 lib.
1822 1350 1906 1419 11,

108 1474 212 1527 cap.
250 1456 333 1520 4.,
369 1454 576 1522 illudque
614 1453 1000 1529 vulgatissimum
1041 1454 1244 1506 axioma
1272 1455 1459 1506 Prima
1496 1457 1644 1506 sedes
1682 1474 1787 1506 nou
1816 1461 1906 1526 ju-

108 1558 314 1608 dicatur
353 1575 386 1607 a
424 1574 708 1623 quoquam,
745 1573 808 1607 ne
834 1571 952 1619 suae
983 1563 1034 1606 et
1059 1553 1458 1608 adversariorum
1483 1563 1766 1605 nostrorum
1792 1573 1907 1606 seu-

107 1653 296 1707 tentiae
334 1654 479 1720 obsit,
516 1653 588 1705 ita
621 1653 833 1723 (laudat.
881 1653 963 1704 lib.
1005 1654 1090 1705 10.
1132 1654 1194 1706 al.
1237 1653 1321 1717 15,
1361 1672 1404 1705 c.
1444 1653 1564 1723 20.)
1604 1653 1904 1724 interpreta-

107 1764 218 1818 tur,
266 1763 319 1804 ut
365 1753 528 1807 valeat
574 1755 638 1804 de
680 1753 923 1804 Romana
970 1761 1021 1805 et
1058 1755 1480 1822 particularibus
1524 1754 1754 1823 Synodz‘s
1793 1764 1905 1806 tan-

106 1864 234 1918 tum,
272 1871 372 1905 non
410 1862 571 1905 autem
610 1852 668 1904 de
705 1852 956 1922 generali,
995 1852 1071 1905 cui
1107 1852 1201 1904 soli
1237 1861 1509 1905 memorata
1550 1851 1905 1906 Constantien-

106 1953 180 2005 sia
229 1953 427 2005 decreta
475 1951 724 2020 ceterique
773 1951 1045 2004 adversarii
1090 1952 1313 2004 catholici
1349 1961 1644 2023 potestatem
1683 1953 1731 2004 in
1773 1971 1904 2005 sum-

104 2070 208 2105 mos
245 2050 516 2104 Pontifices
553 2050 776 2102 tribuunt
789 2049 866 2129 2).

242 2151 293 2206 3.
350 2150 460 2204 Hac
494 2138 616 2204 vero
653 2149 706 2202 in
744 2168 827 2218 re,
877 2150 936 2204 de
982 2169 1079 2219 qua
1113 2169 1212 2203 una
1248 2169 1377 2203 nunc
1415 2163 1642 2222 superest
1679 2153 1902 2221 quaestio

105 2252 245 2321 (num
284 2250 470 2304 scilicet
507 2250 763 2302 concilium
801 2250 1164 2303 oecumenicum
1202 2260 1499 2321 potestatem
1536 2251 1719 2304 habeat
1756 2270 1905 2323 supra

105 2349 361 2402 Romanos
410 2348 709 2420 Pontifices)
760 2359 1020 2419 antequam
1067 2349 1343 2415 decidatur,
1390 2350 1750 2420 praemittenda
1787 2363 1903 2404 sunt

103 2449 336 2502 nonnulla
383 2449 441 2501 de
486 2447 869 2502 Ecclesiasticae
907 2449 1267 2519 jurisdictionis
1315 2449 1538 2519 origine,
1596 2468 1652 2502 ac
1684 2451 1757 2508 *de
1803 2451 1902 2503 dis-

101 2547 340 2601 tinctione
379 2548 509 2618 juris
556 2549 686 2605 inter
721 2547 996 2620 Episcopos
1045 2567 1102 2601 ac
1139 2567 1378 2601 summum
1418 2548 1736 2611 Pontificem,
1792 2550 1900 2603 sine

103 2648 275 2716 quibus
311 2646 528 2700 Romani
553 2647 812 2701 Antistitis
851 2659 900 2700 et
935 2649 1241 2718 generalium
1280 2647 1598 2702 conciliorum
1627 2651 1710 2719 jus
1748 2651 1899 2720 probe

101 2746 311 2799 discerni
367 2765 424 2818 ac
481 2747 671 2800 definiri
728 2766 827 2800 non
878 2757 1063 2819 posset.
1118 2746 1267 2802 ‘Cum
1317 2766 1465 2818 porro
1515 2748 1693 2800 editum
1742 2768 1898 2820 nuper

166 2937 201 2989 ¹)
232 2940 355 2988 Vide,
407 2940 441 2979 si
461 2940 617 2993 placet,
661 2942 831 2981 eundem
874 2945 1116 2983 Bossuetum
1161 2945 1230 2987 lib.
1283 2947 1322 2985 1.
1362 2945 1657 2995 Defensionis,
1711 2957 1816 2985 nunc
1855 2947 1894 2985 in

102 2998 374 3050 appendicem
412 3010 542 3037 novae
580 2999 772 3039 editionis
806 3000 993 3040 traducto
1030 3014 1066 3040 c.
1104 3003 1144 3048 3,
1181 3015 1227 3053 p„
1253 3005 1295 3042 9.

162 3053 200 3108 2)
230 3056 320 3096 Hac
359 3057 410 3095 de
454 3068 580 3096 causa
619 3057 727 3096 idem
763 3059 990 3110 Bossuetus
1033 3061 1102 3100 lib.
1145 3060 1518 3111 10.⁴Defeusionis
1549 3075 1584 3101 c.
1619 3063 1687 3110 12,
1719 3075 1758 3112 p.
1790 3062 1892 3102 204.

99 3114 300 3165 affirmare
329 3127 410 3155 non
441 3115 666 3155 dubitavit:
702 3115 828 3155 Sedes
860 3117 1126 3167 Apostolica‚
1158 3121 1324 3159 tametsi
1353 3118 1540 3167 subjecta
1571 3122 1632 3159 est
1661 3120 1893 3159 universali

100 3171 335 3226 Ecclesiae,
377 3185 551 3225 eamque
591 3175 928 3224 repraesentant-a·
963 3177 1141 3216 concilio
1171 3178 1384 3227 generali;
1429 3180 1572 3216 tamen
1603 3188 1803 3226 suprema
1833 3181 1895 3217 est

99 3234 289 3282 respectu
310 3233 579 3283 singularum
601 3232 910 3281 Ecclesiarum,
943 3232 1290 3284 quemadmodum
1309 3230 1444 3274 tradit
1458 3262 1470 3281 ‚
1503 3246 1588 3273 uon
1611 3236 1728 3275 modo
1750 3236 1892 3276 schola

100 3289 375 3339 Parisiensss,
428 3303 571 3331 verum
618 3292 742 3331 etiam
790 3292 931 3342 ipsum
987 3288 1312 3333 constantiense
1362 3293 1610 3343 concilium,
1674 3297 1719 3334 ut
1768 3306 1892 3345 saepe

101 3347 299 3388 diximus.
1263 3363 1265 3365 ·
1288 3359 1291 3361 ’
1415 3375 1417 3377 -
