2326 3854
103 379 450 451 praeficiebant
474 377 740 446 EcclesiiS,
780 379 1020 431 dehebant
1056 377 1350 441 informare,
1392 382 1445 424 ut
1482 372 1676 425 ostendi
1712 374 1763 425 in
1800 392 1901 425 me-

104 474 293 517 morato
332 482 480 534 opere
517 482 621 534 cap.
666 465 745 515 12.
783 482 832 514 n.
873 463 942 514 49
981 472 1030 514 et
1066 479 1173 530 sqq.
1199 462 1321 512 *Ita
1368 468 1418 510 et
1455 459 1514 510 ab
1557 456 1815 527 Apostolis
1854 468 1903 509 et

105 551 162 603 ab
200 546 460 620 Episcopis
509 557 560 600 et
605 566 635 599 a
686 546 874 599 cunctis
921 546 1137 598 fidelibus
1186 546 1351 598 eadem
1399 543 1561 596 unitas
1600 561 1709 595 cum
1746 540 1902 594 Petro

103 635 315 687 tenenda
355 643 493 699 erat,
545 633 602 684 ac
638 632 689 683 in
727 632 930 684 eandem
969 631 1208 683 unitatem
1247 631 1306 683 ab
1345 628 1568 682 omnibus
1606 627 1901 697 exigendam

94 722 176 788 jus
214 726 323 770 erat
357 715 512 768 Petro
549 716 794 786 peculiare
831 716 1025 769 ratione
1062 717 1316 786 primatus.

241 802 292 855 6.
348 799 478 853 Hinc
523 818 671 870 porro
712 802 794 870 jus
843 801 975 852 istud
1019 801 1257 871 primatus
1305 800 1555 870 proprium
1602 798 1692 850 {uit
1731 802 1815 870 jus
1853 798 1902 850 in

101 905 270 939 omnes
316 883 590 955 Episcopos
638 895 687 938 et
735 886 901 938 fideles
951 904 1152 951 omnes,
1209 904 1309 937 non
1359 884 1668 938 distributive
1714 894 1903 936 tantum

100 980 343 1041 sumptOS,
384 970 467 1022 sed
505 970 654 1022 etiam
692 970 970 1024 collective:
1019 989 1180 1039 neque
1227 971 1357 1022 enim
1404 969 1617 1021 obtineri
1662 968 1905 1039 potuisset

99 1056 210 1107 finis
249 1074 278 1107 a
316 1053 520 1126 Christo
568 1055 662 1106 sibi
697 1056 979 1126 propositus
1016 1056 1068 1107 iu
1104 1055 1408 1108 instituendo
1446 1054 1685 1125 primatu,
1736 1054 1903 1106 unitas

100 1140 288 1194 scilicet
332 1140 485 1192 totius
532 1138 817 1205 Ecclesiae,
876 1139 975 1192 nisi
1022 1159 1194 1193 omnes
1244 1150 1295 1193 et
1340 1138 1576 1209 Episcopi
1624 1147 1674 1190 et
1719 1138 1903 1205 fideleS,

100 1227 182 1295 qui
219 1236 333 1279 sunt
368 1224 622 1278 Ecclesiae
658 1227 905 1289 membra,
945 1225 1004 1277 ad
1044 1239 1152 1277 eam·
1191 1234 1507 1295 cogerentur.
1556 1222 1645 1274 Ex
1669 1222 1745 1274 his
1769 1222 1903 1292 prin-

100 1311 236 1382 cipiis
274 1312 331 1364 de
360 1313 474 1381 jure
510 1309 749 1380 primatus
786 1307 846 1362 S,
878 1307 1022 1362 Petri
1057 1310 1187 1362 clare
1220 1308 1622 1381 deprehenditur,
1662 1308 1903 1377 quodnam

92 1397 174 1465 jus
209 1396 456 1466 peculiare
482 1394 724 1447 Romanis
749 1394 1075 1448 Pontificibus
1101 1393 1157 1447 S.
1186 1394 1330 1448 Petri
1364 1395 1734 1447 successoribus
1770 1411 1903 1446 com-

98 1490 235 1552 petat
271 1481 464 1534 ratione
499 1477 765 1552 primatus,
804 1480 973 1550 quiin
1010 1480 1145 1551 ipsos
1182 1490 1372 1533 tantum
1410 1480 1578 1534 eadem
1613 1497 1720 1533 cum
1748 1479 1904 1551 juris-

99 1567 312 1619 dictione
378 1566 606 1619 transiit:
680 1575 757 1618 est
816 1565 946 1618 enim
994 1568 1078 1636 jus
1126 1566 1179 1618 in
1227 1585 1398 1619 omues
1445 1565 1599 1618 totius
1647 1563 1904 1618 Ecclesiae

99 1650 372 1723 Episcopos
422 1661 473 1704 et
518 1651 680 1703 fideles
729 1668 901 1707 omnes
945 1650 1072 1703 idem
1120 1652 1319 1703 omnino
1371 1670 1428 1704 ac
1477 1651 1569 1702 fuit
1614 1651 1667 1704 in
1713 1649 1902 1717 Petr03

99 1736 356 1805 inanisque
395 1735 709 1806 cognoscitur
742 1736 826 1787 illa
859 1736 1162 1804 quorundam
1199 1736 1596 1791 adversariorum
1634 1736 1902 1799 distinctim

102 1839 197 1888 qua
232 1821 358 1873 idem
383 1819 695 1874 Pontificium
725 1823 809 1891 jus
846 1821 899 1872 in
936 1830 1093 1874 totam
1117 1820 1394 1875 Ecclesiam
1433 1838 1502 1873 ex
1540 1821 1753 1891 primatu
1788 1840 1902 1892 pro-

100 1906 305 1959 veniens
354 1906 664 1961 institutione
711 1906 902 1971 divina,
967 1906 1017 1959 in
1069 1917 1240 1961 omues
1290 1907 1482 1976 quidem
1529 1903 1803 1976 Episcopus
1855 1914 1905 1958 et

100 1987 411 2044 Christianos
457 1991 800 2056 distributive,
849 2010 949 2044 non
996 2001 1157 2045 autem
1208 1992 1462 2045 collective
1507 1999 1725 2062 sumptos
1775 1990 1903 2043 acci-

98 2075 322 2146 piendam
361 2075 818 2141 comminiscuntur,
868 2076 927 2130 de
963 2094 1060 2146 qua
1102 2096 1157 2130 re
1194 2078 1334 2148 plura
1370 2077 1575 2130 dicenda
1611 2085 1758 2128 erunt
1795 2093 1900 2147 cap.

179 2296 181 2298 .
242 2247 291 2299 7.
346 2245 435 2298 Ex
482 2247 574 2298 hoc
621 2247 819 2317 proprio
865 2249 1105 2317 primatus
1145 2250 1259 2319 jure
1308 2248 1360 2301 in
1407 2248 1692 2303 universam
1728 2245 1901 2300 Eccle-

101 2330 250 2396 siam,
300 2332 427 2399 quod
463 2332 591 2382 bono
627 2331 832 2384 unitatis
868 2330 921 2383 S.
961 2331 1119 2384 Petro
1156 2342 1207 2385 et
1245 2333 1615 2385 successoribus
1652 2335 1759 2401 ejus
1791 2334 1903 2401 jure

100 2413 262 2468 divino
306 2414 612 2467 tribuendum
658 2426 734 2467 est
743 2442 760 2476 ‚·
808 2414 1059 2489 dimanant
1108 2426 1304 2470 ceterae
1339 2416 1720 2487 praerogativae
1750 2414 1904 2486 juris-

100 2498 324 2551 dictionis
363 2498 657 2552 Pontificiae
704 2500 757 2551 in
803 2510 960 2553 totam
996 2499 1304 2567 Ecclesiam,
1355 2521 1478 2571 quas
1526 2501 1603 2554 hic
1640 2520 1903 2554 recensere

100 2601 199 2634 nou
235 2594 406 2651 vacat,
457 2604 545 2638 nec
583 2603 703 2656 opus
742 2594 835 2637 est.
909 2586 1024 2638 Ideo
1071 2586 1200 2638 enim
1245 2587 1307 2639 iis
1345 2587 1712 2658 praerogativis
1752 2594 1802 2640 et
1836 2580 1902 2639 fa-

101 2667 358 2721 cultatibus
395 2668 611 2722 Romani
645 2669 916 2723 Pontifices
958 2670 1031 2722 uti
1066 2682 1274 2741 possunt
1309 2672 1360 2724 in
1398 2673 1635 2727 universa
1659 2671 1902 2737 Ecclesia,

101 2751 216 2818 quia
253 2769 321 2802 ex
356 2754 568 2826 primatu
604 2755 868 2809 universae
895 2754 1152 2809 Ecclesiae
1188 2755 1390 2810 Christo
1428 2752 1720 2811 instituente
1756 2777 1903 2830 prae-

102 2833 251 2904 positi
297 2846 435 2888 sunt:
493 2839 551 2889 Id
601 2848 764 2891 autem
810 2859 984 2893 verum
1034 2852 1111 2895 est
1156 2843 1520 2912 agnoscendum
1557 2861 1657 2895 non
1694 2853 1792 2896 tam
1834 2861 1902 2895 ex

95 2920 209 2988 jure
256 2919 449 2988 divino,
500 2923 628 2991 quod
673 2923 869 2977 divinae
904 2925 1206 2979 institutioni
1241 2928 1480 2998 primatus
1519 2946 1771 2981 annexum
1808 2938 1901 2994 est,

102 3022 246 3072 quam
284 3023 352 3056 ex
391 3005 606 3058 naturali
642 3007 828 3062 ordinis
867 3011 1008 3079 jure,
1034 3029 1151 3079 >quo
1188 3012 1243 3063 si
1257 3011 1302 3078 ¹)
1339 3011 1500 3067 Paulo
1537 3015 1742 3067 docente
1777 3014 1900 3066 infe-

138 3146 202 3207 ¹)
246 3151 345 3203 Cum
391 3153 453 3191 ait
495 3152 648 3192 Paulus
686 3153 740 3191 ad
780 3153 906 3193 Hebr.
955 3155 1035 3202 13,
1081 3157 1150 3198 17.
1217 3157 1387 3198 Obedite
1425 3160 1688 3210 praepositis
1736 3160 1900 3207 vestris,

105 3211 144 3248 et
181 3208 389 3257 subjacete
427 3210 509 3259 eis,
565 3212 687 3250 verbo
730 3209 942 3259 subjacete
981 3211 1379 3260 subordinationem,
1434 3227 1538 3266 quae
1586 3217 1766 3256 naturali
1809 3217 1900 3268 lege

104 3264 262 3307 ordinis
289 3280 420 3323 aeque
451 3281 501 3308 ac
531 3269 674 3308 divina
703 3271 1026 3321 praescribitur,
1067 3272 1242 3321 indicat;
1289 3274 1416 3312 verbo
1458 3277 1596 3315 autem
1627 3276 1789 3316 obedite
1818 3288 1899 3316 non

103 3326 203 3378 meri
233 3326 401 3366 honoris
419 3321 609 3374 'externi‚
655 3329 727 3367 sed
759 3330 934 3368 actualis
966 3330 1269 3380 jurisdictionis
1299 3332 1678 3374 subordinationem
1708 3346 1798 3374 cum
1829 3335 1900 3373 de-

103 3383 190 3422 bito
222 3385 481 3425 obedientiae
512 3388 766 3437 conjunctam
797 3388 992 3430 declarat.
1057 3391 1156 3429 Cum
1201 3390 1281 3429 duo
1311 3390 1510 3442 Episcopi
1541 3393 1582 3430 in
1615 3404 1696 3432 una
1728 3394 1899 3433 civitate

104 3440 363 3481 facultatibus
403 3445 561 3483 omnino
602 3457 725 3496 pares
764 3458 854 3485 esse
895 3458 974 3485 non
1012 3449 1171 3498 possint
1213 3450 1300 3488 sine
1331 3450 1675 3490 subordinatione
1697 3442 1815 3491 unius
1847 3452 1900 3490 ad
