2326 3854
987 166 1161 173 ffl—
1254 133 1340 189 20
1438 165 1600 174 „fi

371 301 467 368 18,
510 299 622 375 18.)
658 301 704 376 ¹)
765 313 819 356 ut
879 320 1055 356 omnes
1102 289 1473 372 intelligerent,
1531 299 1810 374 Episcopos
1859 302 2219 375 Apostolorum

368 392 690 445 successores
728 390 852 444 nihil
892 406 1039 462 posse
1089 386 1187 440 nisi
1237 387 1290 439 in
1341 387 1536 442 unitate
1575 406 1684 441 cum
1722 386 1883 442 Petro
1932 400 1984 444 et
2022 410 2222 446 succes-

368 477 568 531 soribus
594 476 758 546 Petri,
799 476 882 547 qui
919 477 1065 527 solus
1104 474 1272 528 claves
1311 474 1424 527 aliis
1463 476 1902 530 communicandas
1940 490 2220 550 acceperat,

370 566 776 636 quemadmodum
831 561 1294 615 animadverterunt
1355 561 1490 615 inter
1555 563 1874 618 adversarios
1923 562 2115 618 Petrus
2163 567 2223 620 de

369 652 581 721 Marce,
621 652 935 717 BossuetuS,
987 658 1138 719 atque
1177 647 1425 702 Nicolius.
1505 648 1709 702 Primus
1757 650 1809 703 in
1857 651 2058 706 dissert.
2133 655 2224 707 De

367 744 675 794 discrimine
713 739 894 790 cleric.
945 736 1167 789 et'laic.
1219 754 1257 788 c.
1300 735 1352 789 3.
1405 755 1457 788 n.
1499 737 1550 792 2.
1599 737 1928 793 considerans
1964 738 2222 794 Ecclesia-

366 827 544 880 sticam
575 823 979 898 jurisdictionem
1014 820 1174 875 Petro
1211 822 1514 894 promissam
1552 822 1650 876 illis
1688 826 1884 879 verbis:
1929 827 2048 880 Tibi
2080 829 2221 882 dabo

365 917 543 967 claves
581 915 739 983 reyni
774 913 1081 983 caelorum,
1137 916 1189 962 et
1236 913 1594 981 quodcunque
1644 914 1898 982 liyaveris
1948 924 2042 968 etc.
2093 933 2221 986 quae

365 1001 550 1054 ceteris
588 1017 783 1071 quoque
822 997 1086 1070 Apostolis
1125 1015 1398 1068 eorumque
1437 999 1818 1052 successoribus
1857 1002 2223 1056 communicata

362 1089 484 1155 fuit,
534 1087 720 1141 idcirco
772 1103 833 1138 ea
879 1085 1038 1138 verba
1083 1084 1145 1137 ad
1191 1103 1346 1137 unum
1384 1084 1597 1139 Petrum
1638 1087 2117 1159 directa-affirmat,
2164 1098 2226 1145 ut

363 1181 565 1230 scirent
619 1193 799 1228 omnes
863 1173 1168 1242 Pontificii‚
1221 1180 1544 1241 potestatem
1602 1175 1812 1244 semper
1867 1194 1986 1230 cum
2049 1177 2222 1239 Petri,

363 1264 646 1317 Ecclesiae
684 1263 908 1331 capitis,
945 1264 1312 1313 communione
1352 1269 1406 1314 et
1437 1261 1642 1315 unitate
1692 1252 2114 1327 continendam:
2149 1267 2225 1318 ad

363 1353 512 1421 quod
545 1354 662 1420 ipse
693 1351 995 1420 praecipue
1033 1366 1152 1400 cum
1187 1356 1455 1417 potestate
1495 1352 1707 1420 liyandi
1731 1358 2070 1404 contumaces
2097 1352 2222 1404 huic

361 1428 559 1491 unitati
603 1456 799 1508 coyere
841 1441 1045 1504 posset.
1133 1432 1344 1490 Clarius
1397 1446 1560 1491 autem
1600 1435 1883 1490 Bossuetus
1932 1437 1986 1491 in
2036 1438 2220 1492 celebri

361 1543 598 1580 sermone
648 1525 708 1577 de
748 1521 960 1575 Unitate
997 1519 1262 1576 Ecclesiae
1315 1524 1374 1576 ad
1415 1522 1636 1578 Comitia
1674 1522 1816 1578 Cleri
1853 1523 2098 1578 Gallicani
2139 1544 2218 1578 an.

363 1613 523 1669 1681.
602 1614 874 1665 Discimus
913 1629 984 1661 ex
1023 1612 1277 1663 doctrina
1322 1613 1380 1663 S.
1422 1613 1690 1680 Episcopi
1726 1610 2007 1666 Ecclesiae
2053 1613 2220 1666 Galli-

360 1720 531 1754 canae
588 1698 813 1772 (allegat
868 1696 921 1748 in
988 1695 1219 1768 margine
1275 1694 1333 1750 S.
1395 1695 1695 1757 Caesarium
1753 1693 2109 1754 Arelatensem
2167 1700 2219 1752 in

361 1789 576 1862 epistola
609 1788 689 1840 ‘ad
737 1783 1096 1858 Symmachum
1143 1794 1182 1836 t.
1234 1785 1283 1837 l.
1338 1782 1682 1838 Conciliorum
1723 1783 1948 1855 Galliae)
1989 1790 2218 1841 auctori-

358 1885 523 1930 tatem
559 1876 1017 1934 Ecclesiasticam,
1050 1876 1285 1942 primum
1307 1871 1653 1926 constitutam
1689 1877 1745 1925 in
1782 1878 1941 1928 unius
1960 1894 2219 1944 persona,

358 1985 468 2018 non
511 1967 686 2033 fuisse
730 1967 1101 2031 propayatam
1147 1963 1255 2013 nisi
1300 1961 1395 2013 sub
1446 1963 1784 2023 conditione,
1834 1969 1897 2015 ut
1937 1969 2218 2015 revocetur

360 2071 571 2121 semper
628 2052 704 2103 ad
744 2051 1083 2119 principium
1133 2056 1270 2101 'suae
1327 2051 1577 2109 unitatis,
1646 2055 1699 2100 et
1743 2052 2046 2119 quicunque
2103 2068 2217 2101 eam

361 2139 723 2194 exercendam
762 2138 1123 2205 susceperint,
1163 2125 1355 2188 *omnes
1394 2135 1625 2187 debeant
1669 2155 1724 2188 se
1757 2143 2047 2205 praestare
2084 2139 2218 2189 inse-

351 2226 684 2296 parabiliter
722 2228 900 2278 unitos
938 2243 1056 2276 cum
1082 2225 1268 2275 eadem
1303 2224 1586 2288 cathedra,
1623 2222 1673 2274 id
1706 2218 1791 2276 'est
1827 2242 1937 2277 cum
1964 2221 2216 2288 Romana,

361 2314 420 2366 de
459 2331 557 2383 qua
602 2313 756 2364 multa
807 2310 982 2363 statim·
1017 2309 1236 2381 subjicit.
1313 2307 1544 2363 Nicolius
1571 2309 1796 2366 ‘tandem
1844 2310 1899 2363 in
1955 2311 2218 2364 articulum

358 2401 410 2454 9.
451 2397 684 2471 Symboli
725 2397 1093 2469 Apostolorum
1132 2407 1262 2469 part.
1304 2400 1355 2467 ¹7
1388 2416 1441 2450 c.
1483 2396 1534 2448 2.
1574 2396 1782 2451 brevius
1831 2407 1883 2451 et
1920 2398 2217 2470 expressius

357 2486 569 2558 idipsum
599 2486 848 2538 declarat.
924 2483 1473 2554 Interroganti‘enim:
1527 2485 1723 2537 Nonne
1763 2483 2018 2554 Apostoli
2051 2490 2220 2538 ceteri

361 2575 585 2626 eandem
625 2572 783 2624 Petri
812 2579 1138 2641 potestatem
1183 2567 1480 2639 accepere?
1533 2572 1831 2642 respondet:
1887 2573 2102 2625 'Verum
2139 2581 2220 2627 est

357 2664 507 2732 ipsos
548 2678 662 2712 eam
712 2662 1012 2729 accepisse,
1061 2659 1160 2709 sed
1195 2665 1255 2709 ut
1291 2652 1514 2710 eandem
1551 2667 1861 2727 exerceant
1905 2663 1982 2711 in
2011 2664 2216 2713 unitate

359 2767 478 2802 cum
540 2749 595 2800 S.
656 2746 844 2798 Petro.
938 2743 1077 2798 Num
1135 2743 1178 2796 si
1234 2743 1319 2814 qui
1343 2778 1346 2779 ν
1371 2754 1626 2816 potestate
1683 2745 1895 2800 clavium
1931 2756 2217 2800 *uterentur

359 2845 538 2889 contra
572 2833 882 2888 voluntatem
922 2830 1070 2886 Petri
1119 2841 1207 2883 aut
1245 2838 1593 2885 successorum
1640 2835 1747 2905 ejus
1778 2834 1968 2887 veadem
2008 2852 2217 2906 praero-

360 2923 534 2994 gativa
570 2920 903 2993 fungentium,
943 2939 1052 2973 eam
1092 2929 1402 2973 exercerent
1437 2918 1490 2972 in
1522 2919 1715 2974 unitate
1751 2920 1907 2993 ipsius
1943 2918 2108 2985 Petri,
2149 2939 2214 2973 an

360 3020 540 3064 contra
578 3009 859 3061 unitatem?
928 3006 1207 3061 Recolatur
1241 3006 1358 3058 illud
1397 3006 1723 3080 principium,
1774 3017 2002 3062 centrum
2042 3016 2093 3059 et
2133 3025 2215 3060 ra-

490 3221 524 3276 1)
556 3225 732 3265 Alvarus
764 3225 981 3276 Pelagium
1028 3236 1146 3276 quem
1179 3224 1412 3264 adversarii
1446 3227 1610 3275 quoque
1641 3223 1807 3263 maximi
1838 3222 2020 3274 faciunt,
2065 3221 2136 3261 lib.
2172 3223 2212 3264 1.

362 3285 412 3324 de
450 3285 627 3326 Planctu
663 3285 883 3325 Ecclesiae
923 3297 960 3323 c.
1004 3283 1078 3324 55.
1127 3285 1170 3324 id
1211 3285 1358 3337 paucis
1397 3285 1602 3335 explicat:
1651 3284 1771 3324 Pelro
1814 3294 1912 3335 erqo
1955 3282 2214 3323 dictumest

359 3345 454 3383 sine
486 3345 600 3391 aliis,
635 3348 676 3384 et
708 3356 796 3384 non
827 3345 929 3384 atii-s·
959 3344 1055 3384 sine.
1093 3337 1312 3394 Petro‚<ut
1326 3343 1601 3394 intelligatur
1620 3345 1684 3384 sic
1715 3344 1754 3381 ei
1780 3343 1991 3384 attributa
2022 3344 2214 3392 potesta-s

359 3401 593 3452 ejusmodi,
626 3408 675 3445 ut
705 3404 786 3445 alii
816 3405 911 3444 sine
940 3405 1037 3455 ipso
1069 3410 1161 3445 non
1192 3404 1387 3456 possint,
1430 3405 1526 3454 ‘ipse
1557 3405 1651 3443 siue
1684 3404 1785 3443 aliis
1815 3403 1956 3455 possit
1987 3402 2211 3452 exfprivef-

361 3464 470 3515 legio
500 3465 585 3504 sibi
617 3465 785 3514 collato,
818 3467 858 3504 et
890 3475 1091 3505 concessa
1121 3465 1205 3505 sibi
1237 3463 1512 3516 plenitudine
1544 3464 1787 3515 potestati&
