2326 3854
907 170 1077 177 -—-
1179 130 1325 195 152*
1393 169 1569 178 —-

309 302 432 357 nihil
470 322 604 359 nunc
651 305 924 359 addendum
968 305 1349 373 existimarem3
1397 304 1497 358 nisi
1541 323 1694 359 unum
1746 306 1974 376 quiddam
2008 320 2162 382 supra

309 400 507 445 ceteros
555 393 844 447 contrariae
893 392 1039 446 nobis
1078 393 1363 447 sententiae
1411 401 1655 465 patronos
1693 390 1980 454 Febr-onius
2026 398 2159 468 adje-

307 476 462 545 cerit,
514 481 644 551 quod
682 498 794 533 cum
833 480 1136 535 deteriorem
1173 480 1361 553 ἱρείης,
1413 497 1561 551 quam
1611 478 1824 532 aliorum
1861 483 2164 535 sententiam

306 566 518 633 efficiat,
558 568 746 636 absque
786 566 954 637 aliqua
990 568 1233 642 peculiari
1272 566 1709 622 animadversione
1745 569 2164 639 praetereundum

308 671 412 707 non
441 654 630 725 judico,

451 740 505 792 4.
584 737 763 794 Ceteri
802 741 1120 811 adversarii,
1164 743 1250 815 qui
1296 744 1458 798 solum
1505 742 1701 813 quidem
1746 742 1979 815 judicium
2019 741 2165 798 Sedis

306 826 640 900 Apostolieae
698 828 759 881 ad
819 829 1095 884 ‘finiendam
1152 830 1267 885 fidei
1324 839 1723 885 controverslam
1772 848 1876 884 non
1935 832 2167 885 sufficere

305 924 591 977 autumant,
637 934 703 969 ne
741 916 859 970 hinc
905 917 1093 971 unitati
1140 917 1254 971 fidei
1303 936 1335 970 a
1372 915 1582 972 Christo
1629 917 1759 970 male
1796 918 2054 990 provisum
2091 919 2165 972 di-

305 1011 479 1068 catur,
528 1001 574 1054 si
623 1003 942 1075 expectanda
981 1014 1120 1059 esset
1156 1004 1355 1059 concilii
1402 1004 1656 1076 generalis
1704 1006 1987 1072 sententia,
2036 1025 2166 1077 quac

305 1088 435 1143 idem
461 1088 815 1161 Apostolicum
832 1092 1074 1163 judicium
1101 1092 1422 1157 confirmanS,
1450 1109 1652 1145 causam
1679 1091 1877 1159 finiret3
1916 1092 2166 1159 sufficere,

304 1194 602 1248 semperque
652 1177 917 1242 sufficiens·
941 1179 1100 1234 fuisse
1139 1180 1305 1251 ajunt,
1353 1179 1398 1232 si
1436 1178 1808 1233 definitionibus
1846 1178 2168 1234 Summorum

305 1262 609 1318 Pontificum
649 1267 856 1319 accedat
890 1265 1260 1340 Episcoporum
1295 1263 1562 1321 Ecclesiae
1600 1266 1753 1320 etiam
1791 1252 2050 1340 dispersae
2084 1267 2168 1324 vel

304 1369 591 1423 expressus
628 1351 711 1406 vel
757 1354 945 1407 tacitus
996 1355 1177 1407 saltem
1217 1371 1516 1408 consensus.
1603 1353 1747 1408 Haec
1790 1353 1903 1426 ipsa
1950 1354 2167 1408 conditio

301 1457 583 1493 consensus
633 1437 900 1495 Ecclesiae
951 1441 1061 1497 sive
1111 1441 1365 1494 adunatae
1383 1440 1455 1494 *in
1503 1442 1732 1513 generali
1780 1441 2007 1514 synodo,
2057 1441 2185 1515 sive¹

303 1525 581 1599 dispersae.
638 1546 803 1598 quam¹
824 1546 1089 1601 perperam
1129 1528 1190 1581 ad
1226 1528 1330 1583 vim
1369 1528 1648 1584 coactivam
1687 1528 1960 1583 earundem
1997 1527 2170 1583 defini-

302 1614 496 1667 tionum
545 1614 898 1669 infirmandam
961 1617 1023 1670 ab
1078 1615 1388 1671 adversariis
1434 1615 1763 1686 requiratur,
1822 1614 2004 1668 ibidem
2050 1634 2170 1688 pro-

300 1702 530 1758 bavimus
587 1721 698 1776 cap.
760 1704 846 1758 14.
906 1723 959 1757 n.
1009 1703 1099 1759 29.
1131 1712 1211 1757 ¹et
1267 1721 1410 1774 seqq.
1504 1701 1792 1758 Febronius
1849 1712 2018 1756 autem
2068 1704 2169 1758 'hac

301 1790 415 1863 ipsa
455 1791 745 1846 conditione
795 1809 1075 1847 consensus
1125 1792 1308 1845 saltem
1353 1789 1498 1845 taciti
1545 1808 1859 1860 nequaquam
1899 1800 2169 1845 contentus

302 1875 464 1951 (Cap.
503 1879 557 1933 6.
597 1879 643 1948 §.
683 1880 736 1933 8.
777 1897 829 1931 n.
873 1877 990 1950 l.)‚
1043 1878 1106 1932 ad
1141 1881 1444 1932 ultimatum
1494 1886 1547 1930 et
1595 1879 1935 1943 conclusum,
1986 1888 2043 1931 ut
2079 1877 2168 1944 ait,

300 1975 453 2037 atque
490 1966 747 2020 infallibile
777 1965 1019 2037 judicium
1056 1965 1110 2018 in
1159 1965 1376 2019 materia
1410 1963 1524 2017 fidei
1572 1964 1739 2035 exigit
1776 1983 2079 2037 expressam
2117 1974 2171 2018 ct

302 2053 654 2122 concinentem
714 2053 970 2125 generalis
1034 2052 1232 2107 concilii
1282 2050 1614 2120 sententiam,
1674 2070 1773 2123 qua
1831 2052 1992 2104 solum
2056 2050 2170 2106 fidei

300 2140 619 2195 definitiones
668 2139 1036 2212 peremptorias
1087 2156 1203 2193 esse
1244 2137 1665 2196 comminiscitur.
1750 2137 1862 2192 Hac
1909 2138 1963 2191 in
2010 2140 2170 2212 hypo-

302 2228 462 2295 thesi,
502 2247 614 2283 cum
653 2226 865 2282 concilia
902 2226 1228 2281 oecumenica
1281 2225 1548 2279 rarissima
1595 2225 1726 2291 sint,
1777 2235 1829 2279 et
1877 2225 1972 2280 hoc
2019 2244 2168 2298 prac-

302 2317 478 2371 sertim
516 2326 746 2389 tempore
782 2314 952 2368 multis
1001 2315 1062 2368 de
1112 2312 1277 2369 causis
1317 2332 1492 2367 eorum
1530 2312 1826 2368 convocatio
1875 2313 1943 2367 sit
1979 2313 2170 2368 diffieil-

299 2404 444 2470 lima‚
498 2423 558 2458 ac
608 2406 716 2458 fere
763 2402 1113 2476 impossibilis,
1162 2421 1312 2473 quam
1358 2402 1489 2455 male
1528 2398 1766 2455 Christus
1816 2402 2171 2474 prospexisset

300 2493 488 2547 unitati
525 2492 638 2546 fidei
675 2491 999 2545 institutione
1045 2490 1322 2563 primatuS‚
1371 2489 1418 2543 si
1454 2498 1570 2561 post
1604 2487 1954 2561 Apostolicam
1992 2488 2168 2543 defini-

300 2580 495 2633 tionem
560 2579 623 2632 ad
669 2577 1065 2651 'peremptorium
1103 2577 1380 2650 judicium,
1432 2594 1485 2629 a>
1528 2594 1627 2646 quo
1686 2594 1834 2629 nemo
1892 2574 2169 2629 catholicus

300 2676 476 2740 posset
513 2665 739 2737 legitime
777 2656 1052 2730 dissidere,
1105 2663 1476 2736 expectandum
1516 2671 1656 2716 esset
1703 2661 1945 2734 generale
1983 2651 2169 2716 Conci-

300 2754 460 2807 lium-‘2
519 2751 787 2820 Quomodo
826 2752 876 2805 id
915 2752 1187 2806 cohaereat
1224 2769 1337 2805 cum
1374 2750 1472 2803 illis
1512 2750 1734 2823 ejusdem
1770 2748 1815 2802 F
1821 2750 2016 2803 ebronii
2051 2768 2170 2806 ver-

301 2843 411 2909 bis,
464 2841 643 2913 quibus
693 2858 764 2894 ex
815 2840 1139 2910 antiquorum
1187 2839 1508 2893 saeculorum
1558 2837 1774 2892 historia
1825 2836 1980 2910 (Ibid.
2020 2857 2072 2891 n.
2100 2827 2166 2890 '4.

302 2950 353 3004 p.
396 2928 534 3001 209)
575 2948 685 2983 cum
722 2927 1016 3001 Augustino
1055 2929 1275 2993 fatetur,
1332 2947 1495 2980 raras
1527 2930 1703 2997 fuisse
1742 2927 1992 2979 haereses
2030 2927 2167 2978 adeo

301 3022 645 3089 pertinaces,
694 3025 756 3070 ut
799 3020 876 3071 ad
923 3036 1015 3070 eas
1049 3016 1432 3088 proflifflmdas
1484 3034 1620 3084 opus
1664 3017 1844 3083 fuerit
1876 3016 2167 3081 eon'yreya-

303 3111 450 3161 tione
485 3091 761 3177 yeneralis
799 3106 1038 3165 concilii,
1077 3122 1226 3157 nemo
1265 3101 1411 3155 facile
1449 3101 1718 3172 intelliget.
1795 3095 2010 3169 Semper
2035 3096 2165 3150 enini

304 3213 375 3249 ex
424 3192 469 3247 F
475 3193 754 3248 ebroniano
804 3190 1050 3264 principio
1107 3188 1401 3245 necessaria
1455 3186 1635 3240 fuisset
1680 3184 1934 3257 generalis
1984 3185 2168 3256 synodi

306 3281 666 3354 congregatio,
725 3279 969 3351 siquidem
1018 3278 1150 3333 aliud
1197 3278 1524 3349 quodcunque
1543 3265 1545 3267 ³
1560 3264 1799 3346 judicium
1851 3291 1880 3324 a
1918 3270 2168 3325 Pontifice

306 3370 493 3423 editum
534 3378 588 3422 et
625 3377 882 3440 receptum
921 3376 1007 3420 aut
1051 3373 1382 3439 praeventum
1432 3381 1476 3441 a>
1509 3358 1898 3434 particularibus
1945 3358 2166 3413 conciliis

307 3456 734 3529 approbatumque
772 3453 1138 3527 Episcoporum
1194 3452 1352 3506 totius
1389 3447 1653 3504 Ecclesiae
1700 3464 1951 3501 consensu
1972 3485 1988 3512 ,
2038 3463 2165 3498 nun-
