2326 3854
659 240 824 249 -—-
922 207 1300 265 139—

73 395 309 447 omneque
340 379 420 448 jus
456 374 744 428 inferiorum
781 374 832 424 in
870 371 1172 444 superiorem
1208 370 1381 435 inane,
1426 367 1621 421 irritum
1659 379 1710 421 et
1747 388 1878 423 com-

76 463 348 517 mentitium
385 461 648 531 praeferet.

214 548 266 600 4.
343 545 574 598 Tertium
607 541 924 614 prigicipiumz
970 543 1098 594 Cum
1123 560 1193 594 ea:
1219 544 1374 600 dictis
1397 547 1597 594 certum
1635 543 1718 606 sit,
1745 559 1878 590 sum-

72 652 206 686 mum
246 632 556 701 Pontificem
594 647 705 683 esse
740 630 1118 695 superiorems
1146 635 1200 679 et
1215 632 1314 698 jus
1349 628 1644 695 superioris
1685 625 1880 676 habere

71 723 127 770 in
180 723 342 769 totam
392 716 688 768 Ecclesiam
734 719 788 764 et
831 714 887 763 iu
935 715 1053 778 ipsa
1095 713 1374 779 yeneralia
1419 711 1676 771 concilim
1735 711 1880 762 solus

73 809 245 854 autem
280 802 429 852 Deus
467 801 633 866 ipsius
670 784 856 849 summi
893 796 1170 865 Pontificis
1208 799 1455 864 superior
1507 799 1603 856 sit3
1648 814 1745 847 uec
1782 797 1881 847 Ec-

72 889 252 946 etesia,
286 903 384 937 uec
416 884 716 935 universale
754 883 1061 941 concilium,
1093 899 1198 933 seu
1232 900 1330 933 nec
1368 882 1628 948 Episcopi
1664 900 1733 937 ex
1770 887 1884 932 tota

73 971 327 1022 Ecclesia
351 971 406 1019 in
439 969 684 1037 yenerali
707 968 934 1019 concilio
971 967 1209 1026 adunati,
1246 985 1376 1034 quos
1405 965 1564 1033 Papa
1599 967 1883 1031 inferiores

71 1057 290 1107 vidimus
299 1059 433 1125 jure
458 1055 653 1116 divino,
671 1059 932 1119 poterunt
951 1053 1005 1103 in
1043 1051 1182 1103 hunc
1205 1055 1534 1119 superiorem
1559 1052 1883 1119 suumjuris·

71 1143 352 1192 dictionem
388 1152 658 1197 emec-cere,
693 1139 799 1188 nisi
821 1137 954 1189 haec
971 1137 1287 1206 jurisdictio
1313 1138 1444 1203 ipsis
1481 1155 1515 1186 a
1540 1134 1660 1187 Deo
1685 1135 1884 1188 tributa

73 1228 229 1278 certis
268 1226 590 1275 documentis
621 1219 895 1290 probetur.

212 1308 272 1362 Si
305 1307 534 1360 Ecclesia
579 1316 631 1359 ct
665 1304 900 1377 Episcopi
949 1320 1121 1357 omnes
1167 1301 1318 1355 etiam
1364 1301 1557 1355 collecti
1601 1302 1655 1355 in
1691 1271 1883 1374 synodo

71 1392 384 1446 oecumenica
428 1391 637 1462 subjecti
683 1401 799 1443 sunt
839 1387 1174 1460 jurisdictioni
1220 1404 1519 1440 summorum
1555 1386 1880 1441 Pontificum·
1868 1409 1882 1453 ς

73 1470 296 1547 sequitur
350 1476 439 1528 hos
490 1476 544 1528 in
591 1474 926 1547 spiritualibus
980 1473 1074 1526 soli
1105 1471 1232 1525 Deo
1285 1473 1520 1538 subesse,
1583 1482 1638 1524 ut
1690 1473 1884 1544 plenius

75 1571 402 1633 cognoscetur
445 1579 516 1613 cx
559 1560 842 1614 constitutis
890 1577 997 1630 cap.
1037 1559 1085 1611 5.
1157 1556 1362 1611 Nemini
1409 1577 1558 1622 vero,
1614 1558 1700 1627 qui
1744 1557 1885 1629 Papa

74 1647 280 1700 inferior
316 1645 398 1711 sit,
434 1664 582 1717 posse
620 1646 780 1700 asseri
809 1643 980 1715 jusssin
1014 1644 1193 1715 ipsum,
1231 1643 1329 1696 nisi
1365 1644 1458 1696 hoc
1486 1645 1571 1713 jus
1609 1643 1818 1714 cuipiam
1856 1662 1885 1695 a

74 1731 183 1784 Deo
230 1731 465 1784 tributum
523 1735 680 1784 certis
729 1733 1050 1783 documentis
1091 1730 1378 1798 probetur,
1425 1729 1578 1798 liquet
1623 1746 1697 1780 ex
1744 1738 1885 1798 parte

77 1817 226 1868 tertia
272 1814 499 1886 principii
544 1815 910 1885 praecedentis:
955 1832 1114 1883 neque
1161 1814 1292 1867 enim
1331 1815 1416 1884 jus
1444 1813 1523 1873 ‚ini
1562 1813 1884 1884 superiorem,

76 1900 203 1970 quod
238 1900 461 1952 inferiori
498 1918 598 1953 non
635 1900 866 1971 competit
902 1916 971 1959 ex
1006 1899 1116 1970 ipsa
1138 1900 1336 1955 ratione
1363 1898 1598 1965 naturali,
1633 1898 1885 1969 praesumi

74 1994 238 2056 potest
275 1985 500 2037 collatum
536 2003 567 2037 a
590 1983 701 2038 Deo
738 1985 981 2037 naturalis
1019 1983 1144 2054 legis
1182 1994 1404 2052 auctore,
1439 1982 1537 2035 nisi
1573 1992 1884 2053 argumenta,

75 2088 199 2139 quae
255 2069 380 2123 hanc
435 2068 650 2122 divinam
703 2069 1064 2126 institutionem
1116 2077 1167 2121 et
1220 2069 1584 2140 delegationem
1621 2068 1881 2137 quamdam

75 2155 362 2218 adstruant,
419 2154 521 2206 sint
562 2154 810 2208 evidentia
865 2163 916 2207 et
961 2154 1156 2225 penitus
1204 2164 1366 2220 certa3
1426 2173 1536 2207 cum
1588 2154 1884 2225 praesertim

75 2248 253 2308 agatur
279 2241 352 2292 aede
380 2240 494 2308 jure
528 2239 580 2290 in
617 2237 807 2309 Papam
853 2252 1075 2308 quoque,
1122 2239 1167 2290 si
1214 2257 1337 2309 opus
1386 2240 1483 2306 sit,
1529 2239 1884 2310 deponendum,

76 2323 204 2391 quod
240 2332 537 2393 potestatem
585 2323 794 2392 requirit
841 2323 1096 2376 auferendi
1132 2324 1192 2375 ab
1231 2341 1289 2375 eo
1326 2323 1618 2393 primatum,
1669 2325 1886 2392 quinon

77 2409 136 2460 ab
173 2406 428 2470 Ecclesia,
478 2426 571 2461 nec
617 2427 647 2460 a
685 2406 938 2471 Concili0,
988 2409 1075 2460 sed
1125 2427 1155 2460 a
1192 2406 1300 2459 Deo
1348 2407 1629 2480 immediate
1679 2400 1886 2460 collatus

76 2511 264 2545 summo
301 2490 550 2555 Pontifici,
588 2491 788 2545 nonnisi
813 2502 1016 2547 auctore
1049 2492 1156 2563 ipso
1181 2490 1294 2547 Deo
1319 2491 1508 2549 auferri
1531 2502 1712 2587 potest.
1757 2492 1888 2548 Vide

77 2596 120 2630 c.
158 2577 211 2631 9.
250 2595 300 2630 ιι.
338 2578 389 2629 4.
430 2586 480 2628 et
518 2577 602 2628 ll.

215 2663 267 2715 5.
343 2658 591 2728 Quaitum
626 2661 943 2733 principium:
1029 2662 1099 2715 Ut
1114 2664 1431 2734 jurisdictio
1469 2665 1524 2717 in
1564 2662 1776 2731 Papam
1813 2667 1886 2716 in-

71 2750 296 2815 feriori,
331 2750 419 2798 cui
446 2765 552 2813 per
588 2766 642 2798 se
677 2766 784 2799 nou
822 2751 1093 2816 competit,
1140 2767 1176 2799 a
1211 2747 1332 2799 Deo
1369 2749 1571 2800 collata
1607 2755 1754 2800 certo
1793 2750 1886 2800 ali-

77 2851 180 2899 quo
219 2837 546 2885 monumento
576 2833 946 2899 probaram-3,
985 2834 1314 2903 afferendum
1360 2825 1498 2885 esset
1540 2834 1764 2902 aliquod
1799 2852 1887 2885 ex-

71 2918 345 2983 ploratum
380 2919 727 2968 testimonium
764 2917 850 2967 vel
882 2934 1069 2967 sacrae
1105 2920 1430 2984 scripturae,
1464 2918 1551 2969 vel
1583 2919 1898 2979 traditionis,

77 3006 377 3052 sauctorum
416 2999 666 3060 Patrum,
694 2984 788 3051 'vel
820 3001 1003 3070 aliqua
1034 3002 1304 3070 yeneralis
1350 3001 1578 3054 Concilii
1626 3009 1720 3053 aut
1754 3021 1884 3054 sum-

79 3104 279 3137 morum
317 3085 636 3152 Pontificum
671 3087 923 3152 definitio,
962 3104 1032 3136 ex
1070 3086 1251 3154 quibus
1283 3087 1521 3152 fontibus
1561 3089 1678 3136 erui
1705 3092 1888 3152 potest

81 3172 332 3223 institutio
371 3175 465 3225 aut
499 3171 763 3237 deleyatio
807 3172 1000 3222 divina.
1074 3168 1132 3223 Si
1180 3168 1302 3234 nihil
1347 3187 1418 3221 ex
1461 3168 1539 3220 his
1590 3170 1887 3238 proferatur,

83 3270 184 3307 non
220 3252 327 3305 erit,
352 3262 491 3308 certa
524 3253 768 3308 institutio
808 3264 893 3306 aut
930 3253 1173 3324 delegatio
1210 3253 1394 3316 divina,
1433 3270 1522 3306 seu
1560 3263 1749 3309 certum
1786 3272 1885 3309 non

84 3337 180 3390 erit
214 3335 396 3390 Deum'.
412 3354 519 3411 eam
555 3347 847 3409 potestatem
883 3357 1032 3411 supra
1069 3337 1366 3402 Pontificem*
1407 3337 1710 3410 superiorem
1748 3354 1887 3390 suum

83 3420 315 3479 tribuisse
338 3419 611 3488 Ecclesiae,
646 3423 727 3479 vel
760 3423 983 3494 generali
1009 3420 1270 3480 Concilio:
1297 3441 1355 3478 ac
1380 3433 1644 3496 propterea
1672 3425 1757 3495 jus
1781 3443 1889 3480 cer-
