<?xml version="1.0" encoding="UTF-8"?>
<!DOCTYPE html PUBLIC "-//W3C//DTD XHTML 1.0 Transitional//EN"
    "http://www.w3.org/TR/xhtml1/DTD/xhtml1-transitional.dtd">
<html xmlns="http://www.w3.org/1999/xhtml" xml:lang="en" lang="en">
 <head>
  <title>
</title>
<meta http-equiv="Content-Type" content="text/html;charset=utf-8" />
  <meta name='ocr-system' content='tesseract 3.04.00' />
  <meta name='ocr-capabilities' content='ocr_page ocr_carea ocr_par ocr_line ocrx_word'/>
</head>
<body>
  <div class='ocr_page' id='page_1' title='image "./ra546170800balluoft_0238.png"; bbox 0 0 2326 3854; ppageno 0'>
   <div class='ocr_carea' id='block_1_1' title="bbox 915 155 1574 212">
    <p class='ocr_par' dir='ltr' id='par_1_1' title="bbox 915 155 1574 212">
     <span class='ocr_line' id='line_1_1' title="bbox 915 155 1574 212; baseline 0.003 -2"><span class='ocrx_word' id='word_1_1' title='bbox 915 155 1574 212; x_wconf 79' lang='lat' dir='ltr'><strong>-——l72—-—-</strong></span> 
     </span>
    </p>
   </div>
   <div class='ocr_carea' id='block_1_2' title="bbox 289 317 2166 3533">
    <p class='ocr_par' dir='ltr' id='par_1_2' title="bbox 289 317 2166 3533">
     <span class='ocr_line' id='line_1_2' title="bbox 464 317 2165 394; baseline 0.002 -22"><span class='ocrx_word' id='word_1_2' title='bbox 464 321 546 374; x_wconf 82' lang='lat'><strong>10.</strong></span> <span class='ocrx_word' id='word_1_3' title='bbox 623 320 757 374; x_wconf 90' lang='lat' dir='ltr'><strong>Hinc</strong></span> <span class='ocrx_word' id='word_1_4' title='bbox 803 336 1114 390; x_wconf 78' lang='lat' dir='ltr'><strong>cognoscere</strong></span> <span class='ocrx_word' id='word_1_5' title='bbox 1162 318 1305 384; x_wconf 88' lang='lat' dir='ltr'><strong>licet,</strong></span> <span class='ocrx_word' id='word_1_6' title='bbox 1368 338 1465 389; x_wconf 90' lang='lat' dir='ltr'><strong>quo</strong></span> <span class='ocrx_word' id='word_1_7' title='bbox 1513 337 1666 372; x_wconf 89' lang='lat' dir='ltr'><strong>sensu</strong></span> <span class='ocrx_word' id='word_1_8' title='bbox 1703 317 1878 390; x_wconf 83' lang='lat' dir='ltr'>Papae</span> <span class='ocrx_word' id='word_1_9' title='bbox 1934 339 2165 394; x_wconf 86' lang='lat' dir='ltr'><strong>suprema</strong></span> 
     </span>
     <span class='ocr_line' id='line_1_3' title="bbox 312 406 2163 481; baseline 0.002 -21"><span class='ocrx_word' id='word_1_10' title='bbox 312 416 538 478; x_wconf 89' lang='lat' dir='ltr'><strong>potestas</strong></span> <span class='ocrx_word' id='word_1_11' title='bbox 589 407 655 460; x_wconf 90' lang='lat' dir='ltr'><strong>sit</strong></span> <span class='ocrx_word' id='word_1_12' title='bbox 706 407 854 461; x_wconf 86' lang='lat' dir='ltr'><strong>etiam</strong></span> <span class='ocrx_word' id='word_1_13' title='bbox 899 408 1100 474; x_wconf 76' lang='lat' dir='ltr'><strong>plena,</strong></span> <span class='ocrx_word' id='word_1_14' title='bbox 1153 415 1204 458; x_wconf 90' lang='lat' dir='ltr'><strong>et</strong></span> <span class='ocrx_word' id='word_1_15' title='bbox 1251 423 1499 475; x_wconf 78' lang='lat' dir='ltr'><strong>quaenam</strong></span> <span class='ocrx_word' id='word_1_16' title='bbox 1549 406 1616 458; x_wconf 87' lang='lat' dir='ltr'><strong>sit</strong></span> <span class='ocrx_word' id='word_1_17' title='bbox 1666 424 1727 459; x_wconf 88' lang='lat' dir='ltr'><strong>ea</strong></span> <span class='ocrx_word' id='word_1_18' title='bbox 1777 406 2027 478; x_wconf 83' lang='lat' dir='ltr'><strong>plenitudo</strong></span> <span class='ocrx_word' id='word_1_19' title='bbox 2073 429 2163 481; x_wconf 92' lang='lat' dir='ltr'><strong>po-</strong></span> 
     </span>
     <span class='ocr_line' id='line_1_4' title="bbox 310 491 2163 566; baseline 0.001 -20"><span class='ocrx_word' id='word_1_20' title='bbox 310 495 532 561; x_wconf 83' lang='lat' dir='ltr'><strong>testatiS,</strong></span> <span class='ocrx_word' id='word_1_21' title='bbox 571 514 700 566; x_wconf 90' lang='lat' dir='ltr'><strong>quac</strong></span> <span class='ocrx_word' id='word_1_22' title='bbox 739 493 988 546; x_wconf 88' lang='lat' dir='ltr'><strong>Romanis</strong></span> <span class='ocrx_word' id='word_1_23' title='bbox 1026 491 1356 546; x_wconf 89' lang='lat' dir='ltr'><strong>Pontificibus</strong></span> <span class='ocrx_word' id='word_1_24' title='bbox 1395 491 1725 548; x_wconf 83' lang='lat' dir='ltr'><strong>Romanaeve</strong></span> <span class='ocrx_word' id='word_1_25' title='bbox 1764 492 1870 546; x_wconf 90' lang='lat' dir='ltr'><strong>sedi</strong></span> <span class='ocrx_word' id='word_1_26' title='bbox 1906 494 2163 548; x_wconf 78' lang='lat' dir='ltr'><strong>tribuitur.</strong></span> 
     </span>
     <span class='ocr_line' id='line_1_5' title="bbox 312 578 2166 653; baseline 0.001 -19"><span class='ocrx_word' id='word_1_27' title='bbox 312 581 496 636; x_wconf 89' lang='lat' dir='ltr'><strong>Potest</strong></span> <span class='ocrx_word' id='word_1_28' title='bbox 533 582 724 636; x_wconf 86' lang='lat' dir='ltr'><strong>scilicet</strong></span> <span class='ocrx_word' id='word_1_29' title='bbox 761 580 931 633; x_wconf 89' lang='lat' dir='ltr'><strong>omnia</strong></span> <span class='ocrx_word' id='word_1_30' title='bbox 968 598 1191 633; x_wconf 92' lang='lat' dir='ltr'><strong>summus</strong></span> <span class='ocrx_word' id='word_1_31' title='bbox 1229 578 1479 633; x_wconf 83' lang='lat' dir='ltr'><strong>Pontifex</strong></span> <span class='ocrx_word' id='word_1_32' title='bbox 1515 580 1568 633; x_wconf 91' lang='lat' dir='ltr'><strong>in</strong></span> <span class='ocrx_word' id='word_1_33' title='bbox 1601 578 1864 634; x_wconf 81' lang='lat' dir='ltr'><strong>Ecclesiae</strong></span> <span class='ocrx_word' id='word_1_34' title='bbox 1902 581 2166 653; x_wconf 83' lang='lat' dir='ltr'><strong>regimine,</strong></span> 
     </span>
     <span class='ocr_line' id='line_1_6' title="bbox 311 667 2166 740; baseline -0.001 -18"><span class='ocrx_word' id='word_1_35' title='bbox 311 670 398 723; x_wconf 91' lang='lat' dir='ltr'><strong>sed</strong></span> <span class='ocrx_word' id='word_1_36' title='bbox 438 688 496 722; x_wconf 90' lang='lat' dir='ltr'><strong>ea</strong></span> <span class='ocrx_word' id='word_1_37' title='bbox 536 668 854 732; x_wconf 85' lang='lat' dir='ltr'><strong>conditione,</strong></span> <span class='ocrx_word' id='word_1_38' title='bbox 893 677 947 719; x_wconf 91' lang='lat' dir='ltr'><strong>ut</strong></span> <span class='ocrx_word' id='word_1_39' title='bbox 984 667 1128 739; x_wconf 88' lang='lat' dir='ltr'><strong>hujus</strong></span> <span class='ocrx_word' id='word_1_40' title='bbox 1176 668 1445 740; x_wconf 90' lang='lat' dir='ltr'><strong>potestatis</strong></span> <span class='ocrx_word' id='word_1_41' title='bbox 1495 686 1617 721; x_wconf 91' lang='lat' dir='ltr'><strong>usus</strong></span> <span class='ocrx_word' id='word_1_42' title='bbox 1667 668 1720 720; x_wconf 86' lang='lat' dir='ltr'><strong>in</strong></span> <span class='ocrx_word' id='word_1_43' title='bbox 1769 667 2166 723; x_wconf 82' lang='lat' dir='ltr'><strong>aedificationem</strong></span> 
     </span>
     <span class='ocr_line' id='line_1_7' title="bbox 310 753 2165 820; baseline 0.001 -13"><span class='ocrx_word' id='word_1_44' title='bbox 310 755 402 820; x_wconf 89' lang='lat' dir='ltr'><strong>sit,</strong></span> <span class='ocrx_word' id='word_1_45' title='bbox 461 763 512 807; x_wconf 91' lang='lat' dir='ltr'><strong>et</strong></span> <span class='ocrx_word' id='word_1_46' title='bbox 565 773 670 807; x_wconf 91' lang='lat' dir='ltr'><strong>non</strong></span> <span class='ocrx_word' id='word_1_47' title='bbox 724 754 778 806; x_wconf 91' lang='lat' dir='ltr'><strong>in</strong></span> <span class='ocrx_word' id='word_1_48' title='bbox 835 755 1245 808; x_wconf 84' lang='lat' dir='ltr'><strong>destructionem.</strong></span> <span class='ocrx_word' id='word_1_49' title='bbox 1338 754 1417 807; x_wconf 83' lang='lat' dir='ltr'><strong>Iu·</strong></span> <span class='ocrx_word' id='word_1_50' title='bbox 1449 756 1854 809; x_wconf 86' lang='lat' dir='ltr'><strong>aedificationem</strong></span> <span class='ocrx_word' id='word_1_51' title='bbox 1902 753 2165 809; x_wconf 82' lang='lat' dir='ltr'><strong>Ecclesiae</strong></span> 
     </span>
     <span class='ocr_line' id='line_1_8' title="bbox 310 839 2166 916; baseline 0.001 -22"><span class='ocrx_word' id='word_1_52' title='bbox 310 841 468 894; x_wconf 90' lang='lat' dir='ltr'><strong>erecti</strong></span> <span class='ocrx_word' id='word_1_53' title='bbox 505 839 870 913; x_wconf 83' lang='lat' dir='ltr'><strong>EpiscopatuS,</strong></span> <span class='ocrx_word' id='word_1_54' title='bbox 923 852 972 895; x_wconf 89' lang='lat' dir='ltr'><strong>et</strong></span> <span class='ocrx_word' id='word_1_55' title='bbox 1022 842 1076 894; x_wconf 89' lang='lat' dir='ltr'><strong>in</strong></span> <span class='ocrx_word' id='word_1_56' title='bbox 1127 841 1206 893; x_wconf 91' lang='lat' dir='ltr'><strong>his</strong></span> <span class='ocrx_word' id='word_1_57' title='bbox 1245 842 1507 895; x_wconf 88' lang='lat' dir='ltr'><strong>constituti</strong></span> <span class='ocrx_word' id='word_1_58' title='bbox 1554 844 1756 896; x_wconf 89' lang='lat' dir='ltr'><strong>fuerunt</strong></span> <span class='ocrx_word' id='word_1_59' title='bbox 1792 841 2058 916; x_wconf 83' lang='lat' dir='ltr'><strong>Episcopi,</strong></span> <span class='ocrx_word' id='word_1_60' title='bbox 2109 853 2166 896; x_wconf 90' lang='lat' dir='ltr'><strong>ut</strong></span> 
     </span>
     <span class='ocr_line' id='line_1_9' title="bbox 308 928 2166 1001; baseline 0.002 -21"><span class='ocrx_word' id='word_1_61' title='bbox 308 928 519 999; x_wconf 92' lang='lat' dir='ltr'><strong>quisque</strong></span> <span class='ocrx_word' id='word_1_62' title='bbox 555 928 847 1000; x_wconf 87' lang='lat' dir='ltr'><strong>vigilantius</strong></span> <span class='ocrx_word' id='word_1_63' title='bbox 887 938 939 983; x_wconf 88' lang='lat' dir='ltr'><strong>et</strong></span> <span class='ocrx_word' id='word_1_64' title='bbox 977 928 1174 982; x_wconf 82' lang='lat' dir='ltr'><strong>facilius</strong></span> <span class='ocrx_word' id='word_1_65' title='bbox 1213 946 1304 981; x_wconf 92' lang='lat' dir='ltr'><strong>suo</strong></span> <span class='ocrx_word' id='word_1_66' title='bbox 1341 929 1489 1000; x_wconf 81' lang='lat' dir='ltr'><strong>gregi</strong></span> <span class='ocrx_word' id='word_1_67' title='bbox 1517 930 1868 1001; x_wconf 81' lang='lat' dir='ltr'><strong>prospicerct3</strong></span> <span class='ocrx_word' id='word_1_68' title='bbox 1909 950 2028 983; x_wconf 88' lang='lat' dir='ltr'><strong>nam</strong></span> <span class='ocrx_word' id='word_1_69' title='bbox 2074 950 2166 985; x_wconf 91' lang='lat' dir='ltr'><strong>nec</strong></span> 
     </span>
     <span class='ocr_line' id='line_1_10' title="bbox 308 1014 2164 1089; baseline 0.002 -21"><span class='ocrx_word' id='word_1_70' title='bbox 308 1035 435 1069; x_wconf 92' lang='lat' dir='ltr'><strong>unus</strong></span> <span class='ocrx_word' id='word_1_71' title='bbox 474 1016 724 1089; x_wconf 89' lang='lat' dir='ltr'><strong>potuisset</strong></span> <span class='ocrx_word' id='word_1_72' title='bbox 772 1035 843 1069; x_wconf 90' lang='lat' dir='ltr'><strong>ex</strong></span> <span class='ocrx_word' id='word_1_73' title='bbox 891 1035 1052 1086; x_wconf 90' lang='lat' dir='ltr'><strong>aequo</strong></span> <span class='ocrx_word' id='word_1_74' title='bbox 1099 1016 1328 1069; x_wconf 90' lang='lat' dir='ltr'><strong>omnibus</strong></span> <span class='ocrx_word' id='word_1_75' title='bbox 1366 1014 1613 1069; x_wconf 89' lang='lat' dir='ltr'><strong>Ecclesiis</strong></span> <span class='ocrx_word' id='word_1_76' title='bbox 1663 1035 1834 1070; x_wconf 91' lang='lat' dir='ltr'><strong>curam</strong></span> <span class='ocrx_word' id='word_1_77' title='bbox 1883 1027 2164 1089; x_wconf 89' lang='lat' dir='ltr'><strong>praestare,</strong></span> 
     </span>
     <span class='ocr_line' id='line_1_11' title="bbox 306 1104 2164 1176; baseline 0.001 -20"><span class='ocrx_word' id='word_1_78' title='bbox 306 1123 400 1158; x_wconf 91' lang='lat' dir='ltr'><strong>nec</strong></span> <span class='ocrx_word' id='word_1_79' title='bbox 436 1105 609 1176; x_wconf 89' lang='lat' dir='ltr'><strong>plures</strong></span> <span class='ocrx_word' id='word_1_80' title='bbox 647 1104 796 1156; x_wconf 89' lang='lat' dir='ltr'><strong>simul</strong></span> <span class='ocrx_word' id='word_1_81' title='bbox 847 1104 1045 1173; x_wconf 90' lang='lat' dir='ltr'><strong>aequali</strong></span> <span class='ocrx_word' id='word_1_82' title='bbox 1089 1113 1343 1175; x_wconf 79' lang='lat' dir='ltr'><strong>potestate</strong></span> <span class='ocrx_word' id='word_1_83' title='bbox 1382 1104 1611 1156; x_wconf 90' lang='lat' dir='ltr'><strong>omuibus</strong></span> <span class='ocrx_word' id='word_1_84' title='bbox 1662 1105 1924 1158; x_wconf 88' lang='lat' dir='ltr'><strong>consulere</strong></span> <span class='ocrx_word' id='word_1_85' title='bbox 1975 1105 2164 1175; x_wconf 80' lang='lat' dir='ltr'><strong>absque</strong></span> 
     </span>
     <span class='ocr_line' id='line_1_12' title="bbox 305 1190 2163 1264; baseline 0.001 -20"><span class='ocrx_word' id='word_1_86' title='bbox 305 1191 523 1263; x_wconf 84' lang='lat' dir='ltr'><strong>periculo</strong></span> <span class='ocrx_word' id='word_1_87' title='bbox 563 1190 932 1244; x_wconf 88' lang='lat' dir='ltr'><strong>dissensionum</strong></span> <span class='ocrx_word' id='word_1_88' title='bbox 972 1199 1025 1243; x_wconf 88' lang='lat' dir='ltr'><strong>et</strong></span> <span class='ocrx_word' id='word_1_89' title='bbox 1061 1190 1416 1256; x_wconf 79' lang='lat' dir='ltr'><strong>scissurarum,</strong></span> <span class='ocrx_word' id='word_1_90' title='bbox 1456 1210 1583 1261; x_wconf 89' lang='lat' dir='ltr'><strong>quae</strong></span> <span class='ocrx_word' id='word_1_91' title='bbox 1621 1191 1864 1245; x_wconf 87' lang='lat' dir='ltr'><strong>unitatem</strong></span> <span class='ocrx_word' id='word_1_92' title='bbox 1906 1202 1956 1245; x_wconf 89' lang='lat' dir='ltr'><strong>et</strong></span> <span class='ocrx_word' id='word_1_93' title='bbox 1992 1212 2163 1264; x_wconf 86' lang='lat' dir='ltr'><strong>pacem</strong></span> 
     </span>
     <span class='ocr_line' id='line_1_13' title="bbox 304 1277 2165 1334; baseline 0.001 -4"><span class='ocrx_word' id='word_1_94' title='bbox 304 1277 567 1332; x_wconf 88' lang='lat' dir='ltr'><strong>Ecclesiae</strong></span> <span class='ocrx_word' id='word_1_95' title='bbox 606 1277 828 1332; x_wconf 81' lang='lat' dir='ltr'><strong>maxime</strong></span> <span class='ocrx_word' id='word_1_96' title='bbox 875 1277 1218 1331; x_wconf 89' lang='lat' dir='ltr'><strong>necessariam</strong></span> <span class='ocrx_word' id='word_1_97' title='bbox 1272 1279 1615 1332; x_wconf 41' lang='lat' dir='ltr'><strong>turbassents</strong></span> <span class='ocrx_word' id='word_1_98' title='bbox 1677 1278 1761 1332; x_wconf 88' lang='lat' dir='ltr'><strong>Ne</strong></span> <span class='ocrx_word' id='word_1_99' title='bbox 1813 1289 1980 1333; x_wconf 86' lang='lat' dir='ltr'><strong>autem</strong></span> <span class='ocrx_word' id='word_1_100' title='bbox 2030 1280 2165 1334; x_wconf 87' lang='lat' dir='ltr'><strong>inter</strong></span> 
     </span>
     <span class='ocr_line' id='line_1_14' title="bbox 304 1363 2163 1438; baseline 0.001 -21"><span class='ocrx_word' id='word_1_101' title='bbox 304 1364 584 1437; x_wconf 76' lang='lat' dir='ltr'><strong>Episcopus</strong></span> <span class='ocrx_word' id='word_1_102' title='bbox 635 1364 832 1434; x_wconf 89' lang='lat' dir='ltr'><strong>aequali</strong></span> <span class='ocrx_word' id='word_1_103' title='bbox 881 1373 1136 1435; x_wconf 86' lang='lat' dir='ltr'><strong>potestate</strong></span> <span class='ocrx_word' id='word_1_104' title='bbox 1186 1363 1431 1419; x_wconf 91' lang='lat' dir='ltr'><strong>Ecclesiis</strong></span> <span class='ocrx_word' id='word_1_105' title='bbox 1489 1368 1802 1438; x_wconf 77' lang='lat' dir='ltr'><strong>praefectOS,</strong></span> <span class='ocrx_word' id='word_1_106' title='bbox 1869 1367 1915 1419; x_wconf 91' lang='lat' dir='ltr'><strong>si</strong></span> <span class='ocrx_word' id='word_1_107' title='bbox 1974 1366 2163 1420; x_wconf 89' lang='lat' dir='ltr'><strong>nemini</strong></span> 
     </span>
     <span class='ocr_line' id='line_1_15' title="bbox 304 1451 2163 1516; baseline 0.001 -11"><span class='ocrx_word' id='word_1_108' title='bbox 304 1451 518 1505; x_wconf 90' lang='lat' dir='ltr'><strong>fuissent</strong></span> <span class='ocrx_word' id='word_1_109' title='bbox 555 1451 897 1516; x_wconf 80' lang='lat' dir='ltr'><strong>subordinati,</strong></span> <span class='ocrx_word' id='word_1_110' title='bbox 946 1451 1204 1504; x_wconf 85' lang='lat' dir='ltr'><strong>orirentur</strong></span> <span class='ocrx_word' id='word_1_111' title='bbox 1242 1452 1473 1514; x_wconf 89' lang='lat' dir='ltr'><strong>dissidia,</strong></span> <span class='ocrx_word' id='word_1_112' title='bbox 1530 1463 1615 1506; x_wconf 92' lang='lat' dir='ltr'><strong>aut</strong></span> <span class='ocrx_word' id='word_1_113' title='bbox 1651 1453 1705 1506; x_wconf 91' lang='lat' dir='ltr'><strong>in</strong></span> <span class='ocrx_word' id='word_1_114' title='bbox 1741 1471 1837 1506; x_wconf 92' lang='lat' dir='ltr'><strong>usu</strong></span> <span class='ocrx_word' id='word_1_115' title='bbox 1873 1454 2163 1507; x_wconf 85' lang='lat' dir='ltr'><strong>facultatum</strong></span> 
     </span>
     <span class='ocr_line' id='line_1_16' title="bbox 302 1537 2162 1611; baseline 0.002 -20"><span class='ocrx_word' id='word_1_116' title='bbox 302 1537 675 1611; x_wconf 89' lang='lat' dir='ltr'><strong>Episcopalium</strong></span> <span class='ocrx_word' id='word_1_117' title='bbox 714 1539 962 1611; x_wconf 89' lang='lat' dir='ltr'><strong>quispiam</strong></span> <span class='ocrx_word' id='word_1_118' title='bbox 1002 1539 1363 1605; x_wconf 83' lang='lat' dir='ltr'><strong>committeret,</strong></span> <span class='ocrx_word' id='word_1_119' title='bbox 1410 1541 1489 1594; x_wconf 87' lang='lat' dir='ltr'><strong>vel</strong></span> <span class='ocrx_word' id='word_1_120' title='bbox 1528 1539 1786 1594; x_wconf 88' lang='lat' dir='ltr'><strong>omitteret</strong></span> <span class='ocrx_word' id='word_1_121' title='bbox 1799 1573 1817 1606; x_wconf 87' lang='grc'><strong>,-</strong></span> <span class='ocrx_word' id='word_1_122' title='bbox 1862 1542 1994 1611; x_wconf 91' lang='lat' dir='ltr'><strong>quod</strong></span> <span class='ocrx_word' id='word_1_123' title='bbox 2029 1542 2162 1596; x_wconf 87' lang='lat' dir='ltr'><strong>bono</strong></span> 
     </span>
     <span class='ocr_line' id='line_1_17' title="bbox 302 1625 2164 1698; baseline 0.002 -19"><span class='ocrx_word' id='word_1_124' title='bbox 302 1626 568 1681; x_wconf 88' lang='lat' dir='ltr'><strong>Ecclesiae</strong></span> <span class='ocrx_word' id='word_1_125' title='bbox 624 1625 907 1696; x_wconf 87' lang='lat' dir='ltr'><strong>unitatique</strong></span> <span class='ocrx_word' id='word_1_126' title='bbox 955 1626 1265 1698; x_wconf 89' lang='lat' dir='ltr'><strong>praejudicio</strong></span> <span class='ocrx_word' id='word_1_127' title='bbox 1317 1637 1478 1693; x_wconf 88' lang='lat' dir='ltr'><strong>esset,</strong></span> <span class='ocrx_word' id='word_1_128' title='bbox 1539 1628 1624 1698; x_wconf 92' lang='lat' dir='ltr'><strong>qui</strong></span> <span class='ocrx_word' id='word_1_129' title='bbox 1679 1629 1908 1682; x_wconf 90' lang='lat' dir='ltr'><strong>omnibus</strong></span> <span class='ocrx_word' id='word_1_130' title='bbox 1971 1646 2164 1683; x_wconf 85' lang='lat' dir='ltr'><strong>summa</strong></span> 
     </span>
     <span class='ocr_line' id='line_1_18' title="bbox 304 1713 2160 1786; baseline 0.001 -18"><span class='ocrx_word' id='word_1_131' title='bbox 304 1715 610 1768; x_wconf 84' lang='lat' dir='ltr'><strong>auctoritate</strong></span> <span class='ocrx_word' id='word_1_132' title='bbox 646 1724 927 1786; x_wconf 82' lang='lat' dir='ltr'><strong>praeesset,</strong></span> <span class='ocrx_word' id='word_1_133' title='bbox 965 1713 1038 1767; x_wconf 89' lang='lat' dir='ltr'><strong>ita</strong></span> <span class='ocrx_word' id='word_1_134' title='bbox 1064 1724 1211 1767; x_wconf 90' lang='lat' dir='ltr'><strong>erant</strong></span> <span class='ocrx_word' id='word_1_135' title='bbox 1249 1714 1559 1786; x_wconf 86' lang='lat' dir='ltr'><strong>subjiciendi,</strong></span> <span class='ocrx_word' id='word_1_136' title='bbox 1599 1725 1655 1767; x_wconf 91' lang='lat' dir='ltr'><strong>ut</strong></span> <span class='ocrx_word' id='word_1_137' title='bbox 1693 1734 1868 1769; x_wconf 89' lang='lat' dir='ltr'><strong>omnes</strong></span> <span class='ocrx_word' id='word_1_138' title='bbox 1905 1715 1958 1769; x_wconf 90' lang='lat' dir='ltr'><strong>in</strong></span> <span class='ocrx_word' id='word_1_139' title='bbox 1999 1717 2160 1771; x_wconf 81' lang='lat' dir='ltr'><strong>officio</strong></span> 
     </span>
     <span class='ocr_line' id='line_1_19' title="bbox 303 1801 2163 1875; baseline 0.001 -20"><span class='ocrx_word' id='word_1_140' title='bbox 303 1813 354 1855; x_wconf 88' lang='lat' dir='ltr'><strong>et</strong></span> <span class='ocrx_word' id='word_1_141' title='bbox 401 1803 596 1857; x_wconf 89' lang='lat' dir='ltr'><strong>unitate</strong></span> <span class='ocrx_word' id='word_1_142' title='bbox 646 1802 960 1867; x_wconf 87' lang='lat' dir='ltr'><strong>contineret,</strong></span> <span class='ocrx_word' id='word_1_143' title='bbox 1017 1802 1370 1873; x_wconf 88' lang='lat' dir='ltr'><strong>scissurasque</strong></span> <span class='ocrx_word' id='word_1_144' title='bbox 1419 1801 1708 1875; x_wconf 88' lang='lat' dir='ltr'><strong>impediret:</strong></span> <span class='ocrx_word' id='word_1_145' title='bbox 1774 1804 1997 1874; x_wconf 88' lang='lat' dir='ltr'><strong>haecque</strong></span> <span class='ocrx_word' id='word_1_146' title='bbox 2044 1805 2163 1858; x_wconf 89' lang='lat' dir='ltr'><strong>sub-</strong></span> 
     </span>
     <span class='ocr_line' id='line_1_20' title="bbox 302 1888 2163 1962; baseline 0.001 -19"><span class='ocrx_word' id='word_1_147' title='bbox 302 1889 554 1943; x_wconf 89' lang='lat' dir='ltr'><strong>ordinatio</strong></span> <span class='ocrx_word' id='word_1_148' title='bbox 592 1889 643 1942; x_wconf 91' lang='lat' dir='ltr'><strong>in</strong></span> <span class='ocrx_word' id='word_1_149' title='bbox 684 1889 1084 1943; x_wconf 87' lang='lat' dir='ltr'><strong>aedificationem</strong></span> <span class='ocrx_word' id='word_1_150' title='bbox 1119 1888 1385 1943; x_wconf 89' lang='lat' dir='ltr'><strong>Ecclesiae</strong></span> <span class='ocrx_word' id='word_1_151' title='bbox 1442 1890 1735 1943; x_wconf 88' lang='lat' dir='ltr'><strong>necessaria</strong></span> <span class='ocrx_word' id='word_1_152' title='bbox 1785 1891 2057 1962; x_wconf 79' lang='lat' dir='ltr'><strong>exigebat,</strong></span> <span class='ocrx_word' id='word_1_153' title='bbox 2109 1902 2163 1945; x_wconf 91' lang='lat' dir='ltr'><strong>ut</strong></span> 
     </span>
     <span class='ocr_line' id='line_1_21' title="bbox 303 1976 2160 2050; baseline 0.002 -21"><span class='ocrx_word' id='word_1_154' title='bbox 303 1977 382 2031; x_wconf 87' lang='lat' dir='ltr'><strong>hic</strong></span> <span class='ocrx_word' id='word_1_155' title='bbox 419 1976 738 2050; x_wconf 87' lang='lat' dir='ltr'><strong>praepositus</strong></span> <span class='ocrx_word' id='word_1_156' title='bbox 783 1976 1015 2030; x_wconf 91' lang='lat' dir='ltr'><strong>omnibus</strong></span> <span class='ocrx_word' id='word_1_157' title='bbox 1045 1979 1164 2048; x_wconf 88' lang='lat' dir='ltr'><strong>jure</strong></span> <span class='ocrx_word' id='word_1_158' title='bbox 1213 1976 1484 2048; x_wconf 88' lang='lat' dir='ltr'><strong>primatus,</strong></span> <span class='ocrx_word' id='word_1_159' title='bbox 1534 1987 1708 2049; x_wconf 91' lang='lat' dir='ltr'><strong>posset</strong></span> <span class='ocrx_word' id='word_1_160' title='bbox 1755 1996 1908 2050; x_wconf 90' lang='lat' dir='ltr'><strong>supra</strong></span> <span class='ocrx_word' id='word_1_161' title='bbox 1958 1979 2160 2032; x_wconf 90' lang='lat' dir='ltr'><strong>eosdem</strong></span> 
     </span>
     <span class='ocr_line' id='line_1_22' title="bbox 299 2063 2160 2137; baseline 0.002 -21"><span class='ocrx_word' id='word_1_162' title='bbox 299 2063 584 2137; x_wconf 75' lang='lat' dir='ltr'><strong>Episcopus</strong></span> <span class='ocrx_word' id='word_1_163' title='bbox 635 2064 827 2129; x_wconf 85' lang='lat' dir='ltr'><strong>omnia,</strong></span> <span class='ocrx_word' id='word_1_164' title='bbox 879 2082 1008 2133; x_wconf 90' lang='lat' dir='ltr'><strong>quae</strong></span> <span class='ocrx_word' id='word_1_165' title='bbox 1058 2065 1111 2116; x_wconf 92' lang='lat' dir='ltr'><strong>in</strong></span> <span class='ocrx_word' id='word_1_166' title='bbox 1163 2064 1558 2118; x_wconf 84' lang='lat' dir='ltr'><strong>aedificationem</strong></span> <span class='ocrx_word' id='word_1_167' title='bbox 1618 2066 1926 2118; x_wconf 88' lang='lat' dir='ltr'><strong>conferrent.</strong></span> <span class='ocrx_word' id='word_1_168' title='bbox 2011 2065 2160 2120; x_wconf 90' lang='lat' dir='ltr'><strong>Hanc</strong></span> 
     </span>
     <span class='ocr_line' id='line_1_23' title="bbox 300 2150 2156 2225; baseline 0.001 -20"><span class='ocrx_word' id='word_1_169' title='bbox 300 2151 570 2225; x_wconf 89' lang='lat' dir='ltr'><strong>potestatis</strong></span> <span class='ocrx_word' id='word_1_170' title='bbox 607 2151 963 2224; x_wconf 88' lang='lat' dir='ltr'><strong>pleni-tudinem</strong></span> <span class='ocrx_word' id='word_1_171' title='bbox 1000 2150 1226 2205; x_wconf 89' lang='lat' dir='ltr'><strong>Romani</strong></span> <span class='ocrx_word' id='word_1_172' title='bbox 1264 2151 1531 2221; x_wconf 18' lang='lat' dir='ltr'><strong>Pon-tifieis</strong></span> <span class='ocrx_word' id='word_1_173' title='bbox 1581 2152 1818 2224; x_wconf 86' lang='lat' dir='ltr'><strong>primatui</strong></span> <span class='ocrx_word' id='word_1_174' title='bbox 1867 2153 2156 2206; x_wconf 85' lang='lat' dir='ltr'><strong>attributam</strong></span> 
     </span>
     <span class='ocr_line' id='line_1_24' title="bbox 300 2237 2162 2312; baseline -0.001 -19"><span class='ocrx_word' id='word_1_175' title='bbox 300 2240 352 2293; x_wconf 90' lang='lat' dir='ltr'><strong>in</strong></span> <span class='ocrx_word' id='word_1_176' title='bbox 401 2239 674 2294; x_wconf 88' lang='lat' dir='ltr'><strong>universae</strong></span> <span class='ocrx_word' id='word_1_177' title='bbox 718 2237 983 2293; x_wconf 86' lang='lat' dir='ltr'><strong>Ecclesiae</strong></span> <span class='ocrx_word' id='word_1_178' title='bbox 1031 2237 1373 2310; x_wconf 88' lang='lat' dir='ltr'><strong>Episcopatus</strong></span> <span class='ocrx_word' id='word_1_179' title='bbox 1425 2250 1475 2293; x_wconf 91' lang='lat' dir='ltr'><strong>et</strong></span> <span class='ocrx_word' id='word_1_180' title='bbox 1525 2238 1805 2312; x_wconf 77' lang='lat' dir='ltr'><strong>Episcopus</strong></span> <span class='ocrx_word' id='word_1_181' title='bbox 1853 2240 1985 2294; x_wconf 91' lang='lat' dir='ltr'><strong>male</strong></span> <span class='ocrx_word' id='word_1_182' title='bbox 2024 2239 2162 2293; x_wconf 84' lang='lat' dir='ltr'><strong>audit</strong></span> 
     </span>
     <span class='ocr_line' id='line_1_25' title="bbox 298 2323 2156 2398; baseline -0.001 -18"><span class='ocrx_word' id='word_1_183' title='bbox 298 2325 343 2380; x_wconf 88' lang='lat' dir='ltr'>F</span> <span class='ocrx_word' id='word_1_184' title='bbox 349 2326 614 2392; x_wconf 81' lang='lat' dir='ltr'><strong>ebroniuS,</strong></span> <span class='ocrx_word' id='word_1_185' title='bbox 655 2345 865 2396; x_wconf 90' lang='lat' dir='ltr'><strong>eamque</strong></span> <span class='ocrx_word' id='word_1_186' title='bbox 905 2345 935 2379; x_wconf 89' lang='lat' dir='ltr'><strong>a</strong></span> <span class='ocrx_word' id='word_1_187' title='bbox 973 2324 1030 2379; x_wconf 90' lang='lat' dir='ltr'><strong>S.</strong></span> <span class='ocrx_word' id='word_1_188' title='bbox 1070 2323 1251 2380; x_wconf 89' lang='lat' dir='ltr'><strong>Leone</strong></span> <span class='ocrx_word' id='word_1_189' title='bbox 1289 2337 1617 2380; x_wconf 87' lang='lat' dir='ltr'><strong>memoratam</strong></span> <span class='ocrx_word' id='word_1_190' title='bbox 1656 2327 1710 2380; x_wconf 87' lang='lat' dir='ltr'><strong>in</strong></span> <span class='ocrx_word' id='word_1_191' title='bbox 1750 2325 1964 2398; x_wconf 87' lang='lat' dir='ltr'><strong>epistola</strong></span> <span class='ocrx_word' id='word_1_192' title='bbox 2001 2327 2054 2380; x_wconf 85' lang='grc'><strong>4.</strong></span> <span class='ocrx_word' id='word_1_193' title='bbox 2097 2326 2156 2379; x_wconf 88' lang='lat' dir='ltr'><strong>ad</strong></span> 
     </span>
     <span class='ocr_line' id='line_1_26' title="bbox 299 2412 2160 2489; baseline 0 -23"><span class='ocrx_word' id='word_1_194' title='bbox 299 2412 642 2489; x_wconf 28' lang='lat' dir='ltr'><strong>Anastasium·</strong></span> <span class='ocrx_word' id='word_1_195' title='bbox 675 2413 1192 2468; x_wconf 88' lang='lat' dir='ltr'><strong>Thessalonicensem</strong></span> <span class='ocrx_word' id='word_1_196' title='bbox 1242 2431 1350 2486; x_wconf 88' lang='lat' dir='ltr'><strong>cap.</strong></span> <span class='ocrx_word' id='word_1_197' title='bbox 1396 2415 1442 2467; x_wconf 93' lang='grc'><strong>1.</strong></span> <span class='ocrx_word' id='word_1_198' title='bbox 1494 2414 1902 2487; x_wconf 79' lang='lat' dir='ltr'><strong>restringendam</strong></span> <span class='ocrx_word' id='word_1_199' title='bbox 1950 2413 2160 2467; x_wconf 87' lang='lat' dir='ltr'><strong>credidit</strong></span> 
     </span>
     <span class='ocr_line' id='line_1_27' title="bbox 300 2498 2159 2574; baseline -0.001 -19"><span class='ocrx_word' id='word_1_200' title='bbox 300 2501 373 2573; x_wconf 90' lang='lat' dir='ltr'><strong>(c.</strong></span> <span class='ocrx_word' id='word_1_201' title='bbox 415 2502 468 2555; x_wconf 81' lang='lat'><strong>3.</strong></span> <span class='ocrx_word' id='word_1_202' title='bbox 520 2502 568 2570; x_wconf 59' lang='grc' dir='ltr'><strong>ἕ.</strong></span> <span class='ocrx_word' id='word_1_203' title='bbox 610 2503 660 2554; x_wconf 77' lang='lat'><strong>5.</strong></span> <span class='ocrx_word' id='word_1_204' title='bbox 713 2521 765 2555; x_wconf 90' lang='lat'><strong>11.</strong></span> <span class='ocrx_word' id='word_1_205' title='bbox 807 2502 856 2556; x_wconf 81' lang='lat'><strong>3.</strong></span> <span class='ocrx_word' id='word_1_206' title='bbox 906 2521 1021 2574; x_wconf 87' lang='lat' dir='ltr'><strong>pag.</strong></span> <span class='ocrx_word' id='word_1_207' title='bbox 1062 2498 1192 2573; x_wconf 81' lang='lat'><strong>85),</strong></span> <span class='ocrx_word' id='word_1_208' title='bbox 1253 2511 1305 2554; x_wconf 90' lang='lat' dir='ltr'><strong>et</strong></span> <span class='ocrx_word' id='word_1_209' title='bbox 1354 2501 1729 2573; x_wconf 85' lang='lat' dir='ltr'><strong>intelligendam</strong></span> <span class='ocrx_word' id='word_1_210' title='bbox 1779 2504 1846 2554; x_wconf 82' lang='lat' dir='ltr'><strong>de</strong></span> <span class='ocrx_word' id='word_1_211' title='bbox 1885 2508 2159 2569; x_wconf 78' lang='lat' dir='ltr'><strong>potestate</strong></span> 
     </span>
     <span class='ocr_line' id='line_1_28' title="bbox 292 2587 2157 2661; baseline 0 -19"><span class='ocrx_word' id='word_1_212' title='bbox 292 2590 690 2659; x_wconf 77' lang='lat' dir='ltr'><strong>patriarchali,</strong></span> <span class='ocrx_word' id='word_1_213' title='bbox 741 2607 889 2658; x_wconf 86' lang='lat' dir='ltr'><strong>quam</strong></span> <span class='ocrx_word' id='word_1_214' title='bbox 927 2588 1056 2645; x_wconf 88' lang='lat' dir='ltr'><strong>idem</strong></span> <span class='ocrx_word' id='word_1_215' title='bbox 1094 2587 1344 2641; x_wconf 83' lang='lat' dir='ltr'><strong>Pontifex</strong></span> <span class='ocrx_word' id='word_1_216' title='bbox 1384 2589 1641 2642; x_wconf 85' lang='lat' dir='ltr'><strong>obtinebat</strong></span> <span class='ocrx_word' id='word_1_217' title='bbox 1676 2587 1729 2641; x_wconf 87' lang='lat' dir='ltr'><strong>in</strong></span> <span class='ocrx_word' id='word_1_218' title='bbox 1766 2587 1999 2661; x_wconf 86' lang='lat' dir='ltr'><strong>Illyrico,</strong></span> <span class='ocrx_word' id='word_1_219' title='bbox 2055 2607 2157 2642; x_wconf 89' lang='lat' dir='ltr'><strong>non</strong></span> 
     </span>
     <span class='ocr_line' id='line_1_29' title="bbox 299 2673 2152 2747; baseline 0.001 -19"><span class='ocrx_word' id='word_1_220' title='bbox 299 2685 466 2729; x_wconf 89' lang='lat' dir='ltr'><strong>autem</strong></span> <span class='ocrx_word' id='word_1_221' title='bbox 505 2676 565 2728; x_wconf 90' lang='lat' dir='ltr'><strong>de</strong></span> <span class='ocrx_word' id='word_1_222' title='bbox 613 2685 868 2747; x_wconf 89' lang='lat' dir='ltr'><strong>potestate</strong></span> <span class='ocrx_word' id='word_1_223' title='bbox 914 2674 1217 2729; x_wconf 85' lang='lat' dir='ltr'><strong>universalis</strong></span> <span class='ocrx_word' id='word_1_224' title='bbox 1261 2675 1508 2747; x_wconf 87' lang='lat' dir='ltr'><strong>primatus</strong></span> <span class='ocrx_word' id='word_1_225' title='bbox 1555 2675 1608 2728; x_wconf 90' lang='lat' dir='ltr'><strong>in</strong></span> <span class='ocrx_word' id='word_1_226' title='bbox 1665 2693 1840 2729; x_wconf 90' lang='lat' dir='ltr'><strong>omnes</strong></span> <span class='ocrx_word' id='word_1_227' title='bbox 1875 2673 2152 2730; x_wconf 89' lang='lat' dir='ltr'><strong>Ecclesias.</strong></span> 
     </span>
     <span class='ocr_line' id='line_1_30' title="bbox 296 2761 2157 2835; baseline 0 -20"><span class='ocrx_word' id='word_1_228' title='bbox 296 2761 434 2815; x_wconf 87' lang='lat' dir='ltr'><strong>Num</strong></span> <span class='ocrx_word' id='word_1_229' title='bbox 490 2781 614 2818; x_wconf 89' lang='lat' dir='ltr'><strong>vero</strong></span> <span class='ocrx_word' id='word_1_230' title='bbox 676 2762 748 2828; x_wconf 86' lang='lat' dir='ltr'><strong>is,</strong></span> <span class='ocrx_word' id='word_1_231' title='bbox 804 2762 888 2832; x_wconf 92' lang='lat' dir='ltr'><strong>qui</strong></span> <span class='ocrx_word' id='word_1_232' title='bbox 944 2780 1005 2815; x_wconf 87' lang='lat' dir='ltr'><strong>ea</strong></span> <span class='ocrx_word' id='word_1_233' title='bbox 1062 2762 1331 2834; x_wconf 91' lang='lat' dir='ltr'><strong>potestatis</strong></span> <span class='ocrx_word' id='word_1_234' title='bbox 1385 2762 1692 2835; x_wconf 90' lang='lat' dir='ltr'><strong>plenitudine</strong></span> <span class='ocrx_word' id='word_1_235' title='bbox 1747 2763 1885 2816; x_wconf 87' lang='lat' dir='ltr'><strong>intra</strong></span> <span class='ocrx_word' id='word_1_236' title='bbox 1939 2762 2157 2835; x_wconf 85' lang='lat' dir='ltr'><strong>patriar-</strong></span> 
     </span>
     <span class='ocr_line' id='line_1_31' title="bbox 297 2849 2157 2921; baseline 0 -18"><span class='ocrx_word' id='word_1_237' title='bbox 297 2852 474 2903; x_wconf 91' lang='lat' dir='ltr'><strong>chatus</strong></span> <span class='ocrx_word' id='word_1_238' title='bbox 530 2849 716 2903; x_wconf 83' lang='lat' dir='ltr'><strong>limites</strong></span> <span class='ocrx_word' id='word_1_239' title='bbox 784 2850 1089 2920; x_wconf 87' lang='lat' dir='ltr'><strong>fungebatur</strong></span> <span class='ocrx_word' id='word_1_240' title='bbox 1153 2859 1209 2902; x_wconf 90' lang='lat' dir='ltr'><strong>ut</strong></span> <span class='ocrx_word' id='word_1_241' title='bbox 1264 2849 1597 2914; x_wconf 90' lang='lat' dir='ltr'><strong>Patriarcha,</strong></span> <span class='ocrx_word' id='word_1_242' title='bbox 1665 2849 1776 2921; x_wconf 91' lang='lat' dir='ltr'><strong>ipsa</strong></span> <span class='ocrx_word' id='word_1_243' title='bbox 1843 2851 2047 2903; x_wconf 86' lang='lat' dir='ltr'><strong>carebat</strong></span> <span class='ocrx_word' id='word_1_244' title='bbox 2100 2860 2157 2903; x_wconf 93' lang='lat' dir='ltr'><strong>ut</strong></span> 
     </span>
     <span class='ocr_line' id='line_1_32' title="bbox 296 2935 2153 3009; baseline 0 -19"><span class='ocrx_word' id='word_1_245' title='bbox 296 2938 451 2991; x_wconf 87' lang='lat' dir='ltr'><strong>totius</strong></span> <span class='ocrx_word' id='word_1_246' title='bbox 497 2936 761 2991; x_wconf 88' lang='lat' dir='ltr'><strong>Ecclesiae</strong></span> <span class='ocrx_word' id='word_1_247' title='bbox 806 2937 1023 3009; x_wconf 90' lang='lat' dir='ltr'><strong>primas,</strong></span> <span class='ocrx_word' id='word_1_248' title='bbox 1090 2936 1176 3007; x_wconf 91' lang='lat' dir='ltr'><strong>qui</strong></span> <span class='ocrx_word' id='word_1_249' title='bbox 1226 2936 1455 2990; x_wconf 92' lang='lat' dir='ltr'><strong>omnibus</strong></span> <span class='ocrx_word' id='word_1_250' title='bbox 1492 2935 1741 2991; x_wconf 88' lang='lat' dir='ltr'><strong>Ecclesiis</strong></span> <span class='ocrx_word' id='word_1_251' title='bbox 1790 2947 1842 2990; x_wconf 88' lang='lat' dir='ltr'><strong>et</strong></span> <span class='ocrx_word' id='word_1_252' title='bbox 1889 2935 2153 3009; x_wconf 87' lang='lat' dir='ltr'><strong>Episcopis</strong></span> 
     </span>
     <span class='ocr_line' id='line_1_33' title="bbox 289 3021 2153 3098; baseline -0.001 -20"><span class='ocrx_word' id='word_1_253' title='bbox 289 3029 404 3098; x_wconf 86' lang='lat' dir='ltr'><strong>jure</strong></span> <span class='ocrx_word' id='word_1_254' title='bbox 461 3025 631 3080; x_wconf 87' lang='lat' dir='ltr'><strong>divino</strong></span> <span class='ocrx_word' id='word_1_255' title='bbox 694 3025 973 3095; x_wconf 82' lang='lat' dir='ltr'><strong>praeerat?</strong></span> <span class='ocrx_word' id='word_1_256' title='bbox 1049 3022 1187 3076; x_wconf 90' lang='lat' dir='ltr'><strong>Num</strong></span> <span class='ocrx_word' id='word_1_257' title='bbox 1242 3021 1607 3078; x_wconf 84' lang='lat' dir='ltr'><strong>Ecclesiastica</strong></span> <span class='ocrx_word' id='word_1_258' title='bbox 1671 3023 2045 3096; x_wconf 84' lang='lat' dir='ltr'><strong>patriarchatus</strong></span> <span class='ocrx_word' id='word_1_259' title='bbox 2101 3034 2153 3076; x_wconf 88' lang='lat' dir='ltr'><strong>et</strong></span> 
     </span>
     <span class='ocr_line' id='line_1_34' title="bbox 296 3110 2152 3185; baseline -0.002 -18"><span class='ocrx_word' id='word_1_260' title='bbox 296 3113 647 3185; x_wconf 86' lang='lat' dir='ltr'><strong>patriarchalis</strong></span> <span class='ocrx_word' id='word_1_261' title='bbox 694 3110 1015 3164; x_wconf 87' lang='lat' dir='ltr'><strong>auctoritatis</strong></span> <span class='ocrx_word' id='word_1_262' title='bbox 1060 3111 1312 3164; x_wconf 83' lang='lat' dir='ltr'><strong>institutio</strong></span> <span class='ocrx_word' id='word_1_263' title='bbox 1369 3111 1481 3165; x_wconf 85' lang='lat' dir='ltr'><strong>huic</strong></span> <span class='ocrx_word' id='word_1_264' title='bbox 1529 3112 1696 3166; x_wconf 87' lang='lat' dir='ltr'><strong>divino</strong></span> <span class='ocrx_word' id='word_1_265' title='bbox 1740 3110 1845 3182; x_wconf 89' lang='lat' dir='ltr'><strong>juri</strong></span> <span class='ocrx_word' id='word_1_266' title='bbox 1881 3111 2152 3182; x_wconf 88' lang='lat' dir='ltr'><strong>decerpere</strong></span> 
     </span>
     <span class='ocr_line' id='line_1_35' title="bbox 295 3196 2148 3272; baseline -0.003 -19"><span class='ocrx_word' id='word_1_267' title='bbox 295 3201 560 3271; x_wconf 90' lang='lat' dir='ltr'><strong>quicquam</strong></span> <span class='ocrx_word' id='word_1_268' title='bbox 610 3199 808 3272; x_wconf 81' lang='lat' dir='ltr'><strong>potuit?</strong></span> <span class='ocrx_word' id='word_1_269' title='bbox 885 3197 943 3252; x_wconf 90' lang='lat' dir='ltr'><strong>Si</strong></span> <span class='ocrx_word' id='word_1_270' title='bbox 994 3201 1080 3270; x_wconf 88' lang='lat' dir='ltr'><strong>jus</strong></span> <span class='ocrx_word' id='word_1_271' title='bbox 1141 3217 1288 3252; x_wconf 89' lang='lat' dir='ltr'><strong>omne</strong></span> <span class='ocrx_word' id='word_1_272' title='bbox 1344 3198 1589 3270; x_wconf 88' lang='lat' dir='ltr'><strong>primatus</strong></span> <span class='ocrx_word' id='word_1_273' title='bbox 1643 3198 1694 3250; x_wconf 93' lang='lat' dir='ltr'><strong>in</strong></span> <span class='ocrx_word' id='word_1_274' title='bbox 1757 3196 2148 3250; x_wconf 84' lang='lat' dir='ltr'><strong>aedificationem</strong></span> 
     </span>
     <span class='ocr_line' id='line_1_36' title="bbox 294 3285 2149 3355; baseline -0.003 -15"><span class='ocrx_word' id='word_1_275' title='bbox 294 3288 555 3342; x_wconf 88' lang='lat' dir='ltr'><strong>Ecclesiae</strong></span> <span class='ocrx_word' id='word_1_276' title='bbox 596 3287 802 3340; x_wconf 91' lang='lat' dir='ltr'><strong>summis</strong></span> <span class='ocrx_word' id='word_1_277' title='bbox 843 3286 1173 3340; x_wconf 84' lang='lat' dir='ltr'><strong>Pontificibus</strong></span> <span class='ocrx_word' id='word_1_278' title='bbox 1211 3286 1448 3339; x_wconf 90' lang='lat' dir='ltr'><strong>tributum</strong></span> <span class='ocrx_word' id='word_1_279' title='bbox 1489 3286 1608 3351; x_wconf 79' lang='lat' dir='ltr'><strong>fuit3</strong></span> <span class='ocrx_word' id='word_1_280' title='bbox 1661 3285 1774 3354; x_wconf 86' lang='lat' dir='ltr'><strong>quis</strong></span> <span class='ocrx_word' id='word_1_281' title='bbox 1813 3303 2004 3355; x_wconf 84' lang='lat' dir='ltr'><strong>negare</strong></span> <span class='ocrx_word' id='word_1_282' title='bbox 2043 3285 2149 3355; x_wconf 90' lang='lat' dir='ltr'><strong>ejus</strong></span> 
     </span>
     <span class='ocr_line' id='line_1_37' title="bbox 295 3370 2148 3447; baseline -0.003 -20"><span class='ocrx_word' id='word_1_283' title='bbox 295 3376 420 3446; x_wconf 81' lang='lat' dir='ltr'><strong>juris</strong></span> <span class='ocrx_word' id='word_1_284' title='bbox 495 3375 848 3447; x_wconf 85' lang='lat' dir='ltr'><strong>plenitudinem</strong></span> <span class='ocrx_word' id='word_1_285' title='bbox 912 3383 1108 3447; x_wconf 87' lang='lat' dir='ltr'><strong>potest,</strong></span> <span class='ocrx_word' id='word_1_286' title='bbox 1184 3392 1280 3444; x_wconf 91' lang='lat' dir='ltr'><strong>qua</strong></span> <span class='ocrx_word' id='word_1_287' title='bbox 1351 3372 1424 3426; x_wconf 90' lang='lat' dir='ltr'><strong>illi</strong></span> <span class='ocrx_word' id='word_1_288' title='bbox 1493 3373 1565 3429; x_wconf 70' lang='lat' dir='ltr'><strong>in}</strong></span> <span class='ocrx_word' id='word_1_289' title='bbox 1596 3370 2011 3425; x_wconf 66' lang='lat' dir='ltr'><strong>&#39;aedificationem</strong></span> <span class='ocrx_word' id='word_1_290' title='bbox 2089 3388 2148 3422; x_wconf 89' lang='lat' dir='ltr'><strong>eo</strong></span> 
     </span>
     <span class='ocr_line' id='line_1_38' title="bbox 294 3457 2147 3533; baseline -0.002 -19"><span class='ocrx_word' id='word_1_291' title='bbox 294 3463 439 3533; x_wconf 86' lang='lat' dir='ltr'><strong>pleno</strong></span> <span class='ocrx_word' id='word_1_292' title='bbox 472 3465 588 3533; x_wconf 88' lang='lat' dir='ltr'><strong>jure</strong></span> <span class='ocrx_word' id='word_1_293' title='bbox 627 3464 868 3515; x_wconf 84' lang='lat' dir='ltr'><strong>utantur?</strong></span> <span class='ocrx_word' id='word_1_294' title='bbox 945 3460 988 3513; x_wconf 87' lang='lat' dir='ltr'>F</span> <span class='ocrx_word' id='word_1_295' title='bbox 993 3461 1231 3515; x_wconf 89' lang='lat' dir='ltr'><strong>ebronius</strong></span> <span class='ocrx_word' id='word_1_296' title='bbox 1270 3469 1407 3514; x_wconf 86' lang='lat' dir='ltr'><strong>certe</strong></span> <span class='ocrx_word' id='word_1_297' title='bbox 1457 3458 1628 3528; x_wconf 88' lang='lat' dir='ltr'><strong>nequit</strong></span> <span class='ocrx_word' id='word_1_298' title='bbox 1675 3458 1914 3525; x_wconf 85' lang='lat' dir='ltr'><strong>inficiari,</strong></span> <span class='ocrx_word' id='word_1_299' title='bbox 1968 3457 2147 3529; x_wconf 87' lang='lat' dir='ltr'><strong>quippe</strong></span> 
     </span>
    </p>
   </div>
  </div>
 </body>
</html>
