2326 3854
905 162 1571 220 ——192—

309 349 519 401 quorum
557 331 843 404 disciplina,
894 332 947 384 in
994 330 1248 402 plerisque
1299 329 1546 404 capitibus
1593 331 1899 398 constituta,
1947 352 2049 388 non
2087 346 2166 390 est

310 419 629 490 antiquorum
670 437 917 473 canonum
948 419 1051 489 juS,
1092 419 1221 489 quod
1257 416 1417 471 unum
1449 417 1741 472 Febronius
1761 421 1871 492 jus'
1897 419 2078 474 vei-um
2114 432 2170 478 et

304 512 596 579 yenuinum
632 514 809 570 vocat,
861 505 949 558 sed
988 514 1067 559 est
1116 505 1377 578 disciplina
1414 507 1667 579 posterius
1706 506 1937 573 inducta,
1989 516 2039 560 et
2076 523 2166 579 pro

305 595 555 651 varietate
605 593 1094 658 circumstantiarum
1151 594 1381 666 mitigata
1440 604 1590 665 atque
1641 604 1858 660 mutata,
1922 604 1974 648 et
2011 595 2170 648 solum

307 693 486 738 contra
531 682 817 752 irrepentes
866 681 1053 734 abusus
1111 690 1172 760 etx
1213 683 1529 755 corruptelas
1578 682 1871 754 opportunis
1936 681 2169 736 remediis

307 770 514 823 munita.
592 764 742 834 Quod
779 766 825 820 si
861 786 966 820 non
1005 786 1180 821 omnes
1219 770 1480 843 cautiones
1526 769 1636 824 sive
1674 786 1708 822 a
1745 768 2014 839 Conciliis,
2061 769 2168 826 sive

306 879 336 912 a
373 855 709 911 Pontificibus
746 855 991 908 hactenus
1031 857 1319 928 appositae,
1366 857 1430 909 ad
1476 873 1652 910 omnes
1691 857 1878 911 abusus
1916 857 2169 912 tollendos

306 943 588 1011 sufficiunt,
639 943 826 997 abusus
866 943 1108 1020 ejusmodi
1158 943 1289 996 sicut
1338 942 1437 1016 ipsi
1478 943 1612 1015 juri,
1661 962 1735 998 ex
1757 964 1869 1015 ‹quo
1910 965 2013 999 non
2050 964 2167 1018 pro—

306 1034 477 1094 deunt,
514 1029 768 1085 tribuendi
805 1049 909 1084 non
948 1041 1085 1097 sunt,
1125 1032 1214 1086 sed
1238 1031 1362 1087 vitio
1390 1031 1661 1098 hominum,
1702 1031 1786 1103 qui
1815 1030 1949 1104 juris
1985 1030 2169 1098 limites

306 1119 783 1192 transgrediuntur3
849 1118 923 1171 ita
982 1119 1139 1173 eidem
1193 1139 1326 1174 novo
1372 1119 1478 1192 juri
1515 1120 1632 1173 falsi
1672 1120 1806 1192 juris
1855 1128 2029 1173 notam
2075 1118 2168 1173 ne-

305 1217 497 1279 queunt
534 1207 838 1285 appingere:
878 1205 1006 1259 alias
1037 1208 1122 1278 jus
1162 1207 1342 1260 falsum
1381 1206 1573 1279 pariter
1612 1207 1875 1261 dicendum
1913 1216 2052 1278 esset
2081 1208 2168 1279 jus

305 1296 543 1362 divinum,
582 1303 1001 1371 quo,xpotestates
1026 1292 1420 1348 Ecclesiasticae
1453 1313 1512 1348 ac
1539 1295 1827 1357 saeculares
1865 1294 2170 1348 constitutae

306 1393 450 1449 sunt,
490 1401 601 1436 cum
638 1382 693 1435 in
730 1381 1015 1435 hominibus
1052 1389 1306 1453 potestate
1344 1382 1664 1450 abutentibus
1703 1382 1891 1454 aliquot
1929 1377 2167 1438 scandala

306 1482 353 1526 et
395 1470 716 1543 corruptelae
753 1478 1049 1530 nascantur.
1122 1478 1144 1529 1¹
1606 1486 1610 1490 ·

454 1558 542 1613 16.
619 1556 704 1611 Ne
742 1556 858 1628 quid
896 1575 1022 1612 vero
1060 1555 1161 1610 fuci
1209 1573 1280 1609 ex
1317 1553 1647 1610 Febroniano
1686 1565 1968 1631 systemate
2006 1548 2169 1610 offun-

305 1647 482 1712 datur,
532 1645 662 1716 quod
701 1645 920 1699 lectores
958 1644 1227 1716 impediat,
1275 1643 1558 1716 detegenda
1605 1647 1683 1699 est
1735 1643 2170 1716 aequivocationis

305 1734 472 1806 origo.
571 1731 762 1786 Totum
803 1729 1064 1804 ‚Febronii
1121 1731 1386 1785 consilium
1442 1732 1495 1785 in
1553 1733 1881 1788 evertendum
1941 1732 2169 1805 regimen

306 1832 591 1892 statumque
628 1818 1291 1893 monarchicuvaomanis
1329 1817 1688 1887 Pontificibus,
1735 1819 2170 1875 Pseudo-Isidori

306 1910 555 1975 decretis,
604 1918 659 1961 ut
705 1917 876 1981 putat,
930 1906 1224 1961 attributum
1242 1947 1255 1973 ,
1306 1906 1455 1962 unice
1509 1909 1718 1962 tendere
1757 1927 1828 1962 ex
1863 1918 1974 1962 toto
2011 1907 2169 1980 ipsius

305 2017 458 2071 opere
495 1998 669 2067 liquet.
746 1995 881 2049 Idem
919 1994 1118 2048 Auctor
1156 2013 1260 2047 non
1298 2013 1496 2048 omnem
1534 1994 1880 2051 monarchiam
1919 2014 1949 2048 a
1981 1993 2167 2049 Ponti-

304 2087 396 2140 fice
446 2085 672 2139 absolute
721 2082 948 2137 excludit
985 2081 1196 2154 (recitat
1245 2082 1397 2143 enirn,
1415 2080 1460 2154 ¹)
1497 2080 1770 2140 ¹Gersonis
1824 2081 2167 2136 testimonium

308 2174 381 2247 [c.
424 2176 471 2229 l.
511 2173 558 2241 g.
599 2173 651 2225 5.
691 2189 741 2224 n.
781 2169 892 2243 2.]‚
932 2158 1031 2240 quo
1072 2170 1272 2233 claveS,
1307 2169 1356 2223 id
1384 2176 1463 2223 e'st
1500 2180 1806 2242 potestatem
1843 2169 2164 2225 Ecclesiasti-

305 2281 442 2327 cam,
500 2261 716 2314 affirmat
755 2256 916 2311 Petro
967 2258 1112 2311 datas
1160 2266 1417 2328 tanquam
1453 2258 1847 2330 monarchae);
1898 2268 1949 2312 et
2007 2260 2167 2330 solum

306 2348 472 2421 rejicit
509 2356 814 2421 potestatem
852 2345 1224 2400 monarchicam
1265 2345 1613 2412 excessiva'm,
1665 2348 2022 2412 effraenatam',
2073 2347 2167 2400 de-

306 2437 551 2510 spoticam
590 2446 659 2490 et.
680 2432 1001 2490 arbitrariam
1040 2452 1152 2486 cum
1191 2433 1447 2487 dominatu
1485 2435 1823 2505 conjunctam,
1863 2453 2011 2505 quam
2041 2433 2165 2488 sane

305 2523 543 2580 Christus
599 2542 693 2577 nec
742 2520 906 2576 Petro
964 2539 1060 2574 nec
1111 2520 1261 2575 Petri
1307 2521 1688 2579 successoribus
1734 2521 1957 2592 tradidit.
2034 2520 2166 2576 Huic

304 2621 472 2665 autem
531 2610 897 2664 monarchicae
943 2609 1244 2663 excessivae
1304 2608 1547 2680 potestati
1604 2627 1714 2661 cum
1770 2609 1945 2663 favere
2003 2608 2166 2662 visum

303 2708 443 2753 esset
479 2716 664 2752 novum
695 2699 826 2768 jus,
848 2697 978 2767 quod
1025 2705 1140 2767 post
1185 2695 1496 2749 Isidorianas
1545 2695 1823 2750 decretales
1861 2692 2074 2750 inolevit
2111 2704 2164 2749 et

305 2784 529 2851 obtinet,
580 2802 764 2838 novum
814 2783 908 2837 hoc
937 2785 1026 2856 jus
1071 2783 1296 2855 spurium
1346 2794 1398 2837 et
1448 2784 1627 2838 falsum
1678 2782 1875 2837 censuit
1912 2783 2165 2855 appellau-

304 2874 435 2926 dum.
513 2869 741 2943 Cumque
778 2871 914 2925 nullo
943 2872 1060 2942 jure
1107 2871 1293 2925 mutari
1340 2881 1428 2924 aut
1463 2870 1744 2943 praescribi
1786 2869 1950 2943 possit
1986 2880 2166 2938 contra

297 2963 382 3031 jus
420 2960 640 3019 divinum
679 2978 738 3014 ac
787 2959 1018 3013 naturale
1045 2959 1104 3012 ‚ei
1155 2959 1424 3014 excessivo
1477 2969 1529 3013 et
1579 2958 1838 3031 despotico
1889 2957 2166 3017 dominatui

304 3047 646 3118 contrarium,
690 3065 812 3105 ¹>non
844 3047 995 3104 -male
1050 3046 1272 3102 videtur·
1303 3046 1536 3100 intulisse
1576 3046 1653 3119 (c.
1693 3046 1747 3100 8.
1798 3046 1846 3114 §.
1885 3044 1984 3117 6.).
2027 3044 2164 3098 nulla

304 3135 729 3207 praescriptione,
767 3134 1124 3207 possessione,
1178 3134 1410 3188 cessione
1447 3143 1545 3187 etc.
1584 3131 2163 3206 juriantiquorunrca-

305 3242 519 3289 nonum,
570 3223 657 3294 qui
707 3223 838 3280 hanc
886 3221 1227 3277 monarchiam
1274 3210 1574 3276 illimitatam
1612 3220 1878 3291 ignorant,
1935 3217 2160 3291 potuisse

433 3444 466 3501 ¹)
500 3447 606 3487 Addi
639 3450 829 3514 possunt,
863 3451 985 3498 quae
1003 3451 1056 3486 ex
1077 3447 1269 3498 Gersone
1292 3445 1418 3485 affert
1440 3427 1565 3484 etiam
1586 3427 1819 3484 Bossuetus
1851 3442 1893 3480 in
1926 3438 2160 3492 appendice

303 3506 372 3548 lib.
405 3506 449 3545 3.
486 3519 577 3558 cap.
612 3509 661 3548 1..’
684 3519 781 3559 pag.
811 3506 889 3546 84.-
918 3509 1017 3547 tom
1049 3507 1094 3546 2.
1127 3510 1262 3546 novae
1293 3499 1403 3545 edit.
1441 3505 1456 3510 ’“
