2326 3854
993 93 1606 150 ——68—

372 259 601 314 catholici
639 260 879 332 ejusmodi
907 260 1267 331 appellat-iones
1306 257 1670 330 damnabant),
1709 258 1797 310 sed
1833 276 1899 310 ex
1939 258 2216 330 pertinacia

370 347 423 400 in
464 365 664 412 errore,
701 357 759 398 ut
797 365 852 399 se
892 365 922 398 a
960 345 1183 415 legitima
1235 345 1490 398 sententia
1529 343 1877 416 appellationis
1913 342 2057 396 titulo
2095 346 2213 398 sub-

369 434 640 499 ducerent,
697 433 821 486 haec
871 431 1147 485 errantium
1206 441 1256 484 et
1305 431 1636 503 pertinacium
1683 430 1936 483 hominum
1984 431 2216 503 exempla

369 521 498 592 apud
535 519 808 573 catholicos
845 517 969 570 nihil
1004 519 1221 590 probare
1260 528 1311 572 et
1360 519 1595 575 evincere
1631 527 1884 590 poterunt.
1963 515 2216 571 Concilio-

369 627 477 660 rum
515 607 709 677 quidem
747 605 1063 675 generalium
1101 604 1289 659 Patres
1328 617 1571 677 quantum
1618 604 1890 659 detulerint
1928 603 2216 658 auctoritati

366 693 693 766 Apostolicae
731 709 833 744 non
871 693 1030 745 solum
1067 693 1118 745 in
1157 692 1385 746 materiis
1431 693 1572 759 fidei,
1619 682 1799 748 verum
1847 691 1997 746 etiam
2034 691 2088 743 in
2125 710 2214 744 ne-

366 780 521 851 gotiis
559 778 880 850 disciplinae,
930 799 1040 833 eum
1089 797 1188 833 non
1229 780 1393 832 minus
1437 780 1490 832 in
1535 780 1677 846 istis,
1725 798 1873 850 quam
1926 779 1980 831 in
2016 777 2114 830 illis
2153 779 2215 830 ad

364 866 618 938 generalis
656 867 838 938 synodi
885 866 986 921 vim
1024 865 1294 920 Pontificio
1349 885 1562 935 assensu
1599 866 1910 937 indigerent,
1966 875 2106 938 patet
2143 883 2213 918 ex

364 954 651 1008 constitutis
690 972 799 1025 cap.
827 954 878 1006 2.
921 965 972 1008 et
998 973 1135 1025 seqq.
1205 951 1333 1008 Cum
1371 951 1617 1026 Ephesini
1653 952 1842 1006 Patres
1880 970 1935 1005 se
1973 952 2213 1004 dixerunt

362 1028 578 1096 coaetos
619 1038 898 1095 Coelestini
933 1042 1117 1095 litteris
1156 1041 1219 1093 ad
1256 1042 1515 1094 ferendam
1554 1051 1735 1095 contra
1771 1038 2068 1118 Nestorium
2095 1057 2211 1092 sen-

345 1118 602 1197 xtentiam,
654 1146 784 1198 quae
835 1133 904 1181 e‘x
955 1139 1099 1200 parte
1149 1128 1450 1182 definitionis
1489 1130 1776 1201 pertinebat
1813 1128 1874 1181 ad
1911 1127 2082 1192 fidem,
2141 1144 2211 1180 ex

358 1227 503 1288 parte
541 1225 707 1268 autem
738 1214 913 1287 judicii
951 1217 1086 1270 circa
1123 1234 1389 1288 personam
1417 1215 1651 1270 Nestorii
1677 1214 1937 1288 spectabat
1975 1214 2034 1267 ad
2062 1214 2211 1267 disci-

357 1303 572 1374 plinam3
611 1313 826 1372 utraque
863 1303 917 1356 iu
955 1304 1168 1357 materia
1198 1305 1285 1375 jus
1325 1301 1644 1357 Pontificium
1685 1322 1835 1376 super
1874 1320 1930 1355 se
1970 1311 2021 1354 et
2059 1319 2209 1374 super

356 1391 646 1460 generalem
685 1390 931 1460 synodum
968 1392 1114 1463 plane
1154 1388 1433 1446 coactivum
1472 1390 1607 1444 satis
1637 1391 1971 1444 declararunt.

499 1476 553 1529 4.
630 1475 1006 1550 Βοεευθῑιιεῳη
1043 1476 1393 1548 antiquitatem
1419 1478 1705 1531 contrariae
1741 1476 1886 1529 nobis
1925 1476 2210 1529 sententiae

356 1562 704 1628 constitueret,
741 1563 862 1616 licet
901 1566 1200 1635 expenderit
1225 1564 1607 1636 diligentissime
1634 1563 1801 1616 omnia
1837 1572 2014 1617 vetera
2055 1581 2208 1634 gene·

355 1650 532 1702 ralium
571 1649 881 1721 synodorum
920 1661 1034 1704 acta
1083 1661 1134 1705 et
1172 1653 1497 1719 documenta,
1545 1651 1668 1704 nihil
1711 1661 1881 1703 tamen
1928 1648 2090 1721 potuit
2126 1668 2208 1703 re-

352 1736 549 1808 perire,
600 1755 670 1790 ex
708 1756 806 1806 quo
846 1740 932 1810 jus
971 1757 1146 1791 earum
1198 1757 1351 1810 supra
1388 1738 1649 1792 Romanos
1687 1736 1965 1797 Pontifices
2012 1735 2206 1808 uspiam

353 1824 631 1895 colligeret.
710 1821 885 1877 Solum
923 1825 1184 1898 excerpsit
1230 1828 1473 1897 quaedam
1510 1837 1685 1898 gesta,
1734 1824 1910 1895 quibus
1934 1821 1979 1895 ¹)
2021 1838 2207 1878 novum

353 1929 602 1976 examen,
659 1930 940 1982 novumque
992 1912 1230 1984 judicium
1289 1924 1405 1985 post
1459 1913 1807 1986 Apostolicam
1864 1910 2205 1964 definitionem

352 1997 638 2050 institutum
675 1997 782 2049 fuit.
855 1996 995 2050 Istud
1034 2009 1201 2054 autem
1250 2019 1359 2054 cum
1407 2019 1510 2053 non
1556 2000 1706 2053 fuerit
1741 1997 2056 2063 institutum,
2104 1998 2206 2051 nisi

353 2094 409 2136 ut
462 2085 748 2138 dubitantes
805 2085 866 2137 ad
927 2086 1171 2140 unitatem
1220 2085 1505 2141 Pontificiis
1556 2086 1926 2140 definitionibus
1988 2085 2203 2138 debitam

352 2183 733 2237 revocarentur,
774 2182 857 2224 aut
884 2173 1254 2227 haereticorum
1277 2173 1560 2245 pertinacia
1597 2173 1821 2245 apertius
1858 2160 2205 2227 revinceretur

353 2258 495 2330 (vide
533 2277 661 2328 quae
699 2259 750 2311 in
788 2259 916 2314 hanc
953 2280 1061 2314 rem
1098 2260 1353 2313 attulimus
1391 2262 1479 2313 De
1517 2264 1570 2312 vi
1606 2268 1657 2313 et
1692 2263 1904 2312 ratione
1933 2263 2204 2329 primatus

352 2364 461 2417 cap.
504 2344 654 2417 13.);
695 2346 818 2399 nihil
856 2347 975 2402 baec
1015 2345 1252 2403 evincunt
1289 2366 1380 2418 pro
1429 2347 1702 2400 asserenda
1740 2347 1978 2418 ejusmodi
2018 2344 2203 2402 Conci-

351 2432 531 2484 liorum
569 2443 820 2503 potestate
860 2452 1012 2507 supra
1048 2435 1184 2506 ipsas
1217 2433 1531 2487 definitiones
1557 2433 1847 2499 Pontificis,
1887 2434 1931 2486 si
1968 2453 2200 2507 praeser-

349 2518 440 2571 tim
477 2517 762 2572 infallibiles
801 2521 1038 2574 dicendae
1078 2521 1180 2573 sint
1217 2538 1286 2572 ex
1335 2521 1451 2573 late'
1475 2519 1762 2572 constitutis
1811 2539 1921 2592 cap.
1966 2521 2050 2574 13.
2090 2521 2199 2593 ipso

348 2604 601 2658 Bossueto
658 2607 923 2677 explorate
978 2604 1259 2659 affirmante
1325 2600 1579 2677 (Disseru
1637 2605 1842 2678 praevia
1899 2604 2199 2660 Defensioni

351 2711 390 2744 c.
431 2690 543 2763 2.),
591 2681 966 2761 infallibilem,
1019 2713 1126 2762 qua
1173 2696 1383 2763 quidem
1436 2698 1491 2745 in
1529 2714 1589 2745 re
1627 2696 1753 2747 talis
1805 2702 1904 2755 est,
1950 2698 2197 2765 cuiquam

348 2781 557 2833 subesse
592 2767 765 2849 nefas.
1424 2777 1428 2779 ’
1928 2782 1934 2787 ’

478 2983 513 3035 ¹)
546 2987 641 3026 Hoc
674 2985 838 3037 quidem
878 2998 960 3026 uno
1005 2989 1252 3037 argumento
1295 2986 1402 3025 idem
1433 2987 1660 3026 Bossuetus
1701 2986 1772 3024 lib.
1806 2985 1875 3028 10.
1919 2985 2194 3036 Defensioni-s·

348 3060 384 3085 c.
417 3046 491 3086 22.
523 3051 622 3089 tom.
653 3046 696 3085 2.
731 3058 826 3097 pag.
857 3046 962 3087 216.
995 3047 1154 3085 revinci
1187 3058 1312 3096 posse
1346 3045 1525 3085 credidit
1557 3047 1603 3085 S.
1636 3040 1860 3092 Gelasium,
1883 3040 1988 3085 ‘cum
2025 3039 2192 3098 scripsit

347 3107 446 3146 nulli
478 3106 646 3147 licuisse
679 3105 729 3144 de
756 3105 914 3157 judicio
945 3106 1057 3145 sedis
1078 3106 1349 3157 Apostolicae
1373 3106 1595 3156 Judicare:
1628 3103 1777 3156 Neque
1808 3107 1959 3145 tantus
1991 3105 2192 3156 Pontifex

344 3167 578 3217 ignorabat
608 3169 926 3206 antecessorum
954 3177 1130 3206 suorum
1165 3165 1392 3206 Coelesttnz·
1431 3164 1668 3215 Leonis-que
1696 3164 1933 3204 sententias
1962 3165 2010 3204 in
2043 3164 2191 3216 Ephe-

345 3227 444 3265 sina
477 3229 518 3266 et
551 3225 886 3267 Chalcedon-ensa·
915 3226 1093 3277 synodis
1123 3228 1403 3275 retractatas,
1444 3225 1579 3274 deque
1608 3223 1902 3264 iis-‘canonice
1927 3222 2188 3272 judicatum.

345 3287 495 3326 Verum
526 3285 605 3325 boc
635 3288 921 3336 argumentum
953 3298 1074 3337 quam
1105 3287 1160 3331 sit
1190 3285 1419 3330 imbecille,
1462 3283 1623 3335 patebit
1668 3294 1731 3322 ex*
1758 3283 1837 3334 iis,
1881 3294 1988 3334 quae
2018 3287 2105 3324 tum
2137 3285 2189 3324 de

348 3345 575 3384 Coelestini
605 3345 843 3396 Leonisque
884 3345 1135 3391 sententiis,
1171 3348 1258 3384 tum
1300 3344 1352 3383 de
1394 3345 1501 3383 actis
1533 3342 1758 3393 Ephesinis
1801 3345 1927 3394 atque
1959 3343 2188 3383 Chalcedo-

346 3404 542 3444 nensibus
575 3404 842 3445 disseruimus
873 3404 913 3442 in
947 3417 1073 3456 opere
1108 3403 1169 3443 De
1199 3405 1244 3444 vi
1274 3404 1490 3455 primatus
1523 3415 1558 3443 c.
1593 3401 1662 3440 13.
1696 3398 1732 3452 §.
1769 3402 1838 3444 11.
1873 3406 1915 3441 et
1949 3403 2020 3442 13.
