2326 3854
1244 201 1325 237 XX

356 375 557 434 scopos
603 358 895 433 primatum
932 357 1335 429 jurisdictionis
1381 358 1556 432 tenet,
1602 371 1802 430 nempe
1849 356 2000 431 „ipsi
2044 355 2198 411 in·B.

353 446 524 503 Petro
559 446 846 522 pascendi,
891 444 1130 521 regendi
1161 447 1217 500 et
1242 442 1590 520 gubernandi
1619 441 2041 498 universalem
2065 443 2199 498 Ec-

356 534 604 592 clesiam
635 553 670 590 a
699 533 769 588 D.
800 532 878 588 N.
910 531 967 587 J.
1003 527 1072 587 O.
1119 531 1342 606 plenam
1371 535 1707 608 potestatem
1737 530 1994 588 traditam
2029 527 2200 586 esse4‘

355 623 627 697 Synodus
664 622 1028 689 ‚oecumenica
1058 619 1384 676 Florentina
1425 619 1700 694 definivit,
1747 619 2057 675 adversarii
2090 635 2201 674 no-

355 714 491 769 vitia
537 711 777 767 adhibita
823 709 1171 765 distinctione
1218 710 1362 766 inter
1405 707 1719 784 Episcopos
1766 707 2111 763 distributive
2148 711 2204 762 et

355 801 647 857 collective
694 800 977 873 sumptoS,
1026 796 1289 874 fatentur,
1338 814 1528 854 omnes
1572 795 1887 872 Episcopos
1934 796 2202 851 distribu-

352 890 467 944 tive
515 890 763 960 sumptos
809 883 1068 942 Romano
1102 884 1359 942 Pontifici
1401 903 1542 942 vera
1588 885 1902 941 obedientia
1945 885 2202 939 interno-

354 993 459 1050 que
506 975 704 1031 mentis
752 975 1014 1048 obsequio
1047 973 1295 1030 subditos
1328 991 1476 1030 esse.
1552 971 1763 1048 Ecquis
1793 970 2203 1046 Episcoporum

354 1081 495 1139 ergo
528 1064 826 1138 insurgere
850 1061 1072 1118 audebit
1103 1059 1396 1137 Superiori
1420 1079 1544 1139 suo,
1581 1063 1670 1118 cui
1690 1064 1823 1133 jure
1849 1059 2033 1115 divino
2062 1061 2202 1115 sub-

354 1152 499 1209 ditus
532 1147 660 1207 est?
707 1147 785 1206 Et
821 1167 926 1224 quo
958 1154 1122 1225 pacto
1166 1151 1376 1207 orietur
1397 1150 1670 1221 judicium
1711 1147 2046 1207 universalis
2076 1145 2202 1203 Ec—

355 1240 562 1298 clesiae
595 1237 908 1315 dispersae,
942 1255 1047 1312 quo
1079 1237 1215 1295 illud
1237 1236 1481 1295 Romani
1511 1237 1795 1296 Pontificis
1826 1232 2203 1294 reformetur?

485 1324 817 1383 Gallicanae
863 1326 1170 1384 istiusmodi
1213 1325 1625 1383 Declarationis
1688 1326 1994 1403 doctrinae,
2042 1342 2205 1399 quam

354 1416 657 1493 haeretici,
714 1416 1015 1491 neoterici,
1086 1415 1479 1489 sublestaeque
1525 1414 1654 1471 fidei
1697 1415 1951 1471 homines
1994 1430 2202 1488 magno

357 1520 581 1579 semper
612 1504 885 1578 applausu
914 1507 1270 1580 receperunt,
1305 1504 1502 1578 cuique
1529 1505 1848 1579 etiamnum,
1895 1502 2029 1558 licet
2059 1518 2202 1557 con-

356 1594 521 1648 stanti
567 1590 933 1666 Apostolicae
990 1593 1140 1648 sedis
1194 1593 1384 1647 renisu
1421 1592 1746 1664 jamdudum
1793 1607 2065 1665 oppressa
2111 1590 2204 1665 sit,

355 1680 714 1755 pertinaciter
758 1678 1086 1755 adhaerent,
1133 1679 1284 1734 haud
1329 1697 1564 1754 parvum
1596 1679 1859 1734 fulcimen
1905 1679 2207 1753 praetensa

353 1768 554 1824 Jacobi
598 1765 844 1843 Benigni
888 1764 1172 1844 Bossueti,
1220 1765 1488 1842 Episcopi
1519 1766 1856 1843 MeldensiS,
1902 1766 2206 1822 auctoritas

355 1854 502 1931 apud
523 1855 809 1930 imperitos
835 1855 1169 1912 conciliavit.
1233 1854 1495 1912 Attamen
1519 1873 1591 1912 ne
1617 1856 1706 1912 cui
1729 1856 1927 1910 mirum
1950 1853 2207 1909 videatur

345 1943 618 2016 judicium
657 1941 950 2020 Bossueti,
997 1945 1104 1999 viri
1145 1945 1466 2017 ceteroquin
1508 1943 1810 2000 doctissimi
1855 1945 1912 1998 et
1940 1958 2204 2017 perquam

355 2031 627 2102 modesti,
675 2030 963 2087 sciendum
1009 2035 1097 2088 est
1141 2032 1454 2106 complures
1499 2033 1774 2088 litteratos
1819 2030 1973 2086 viros
2017 2029 2204 2086 vehe-

356 2125 571 2177 menter
603 2118 877 2197 dubitare,
909 2137 1039 2175 num
1069 2118 1374 2194 Defensio
1406 2120 1504 2176 illa
1533 2115 2029 2191 Declarationis,
2063 2134 2205 2192 quae

356 2207 669 2264 Meldensis
724 2225 926 2264 nomen
972 2208 1320 2286 praetendit,
1388 2210 1668 2285 genuinus
1727 2209 1798 2264 sit
1841 2206 2208 2278 Illustrissimi

356 2295 670 2353 Meldensis
703 2294 903 2352 foetuS.
962 2294 1128 2351 Enim
1158 2314 1296 2353 vero
1328 2297 1527 2373 viginti
1569 2314 1676 2354 sex
1707 2297 1865 2353 annis
1895 2299 2023 2371 post
2044 2292 2207 2351 Mel-

359 2386 547 2441 densis
594 2388 827 2440 mortem
871 2385 1107 2459 primum
1152 2385 1302 2442 edita
1348 2388 1468 2461 est,
1535 2402 1646 2441 non
1698 2387 1755 2442 in
1801 2381 2037 2460 Galliis,
2107 2383 2210 2438 sed

357 2473 747 2548 Luxemburgi
780 2490 831 2528 a.
871 2473 1061 2530 1730.
1095 2471 1222 2529 dein
1252 2470 1658 2530 Amstelodami
1689 2490 1738 2528 a.
1781 2470 1970 2530 1745.
1985 2509 2007 2542 ,
2042 2488 2207 2547 quum

359 2567 544 2618 tamen
590 2558 904 2616 Meldensis
961 2558 1203 2616 Praesul
1261 2559 1457 2616 sedulo
1516 2561 1872 2636 curavisset,
1941 2562 2002 2614 ut
2056 2575 2091 2614 a
2145 2575 2207 2614 se

361 2649 652 2725 compositi
681 2648 828 2720 libri,
862 2648 990 2703 dum
1020 2644 1260 2726 viveret,
1310 2647 1639 2720 ederentur3
1689 2647 1815 2704 dein
1846 2646 2033 2722 quanti
2062 2645 2209 2722 apud

363 2734 564 2793 Gallos
620 2736 893 2792 habeatur
950 2753 1226 2812 germana
1283 2733 1548 2792 Bossueti
1606 2735 1888 2812 doctrina,
1957 2733 2207 2810 profecto

362 2841 525 2883 nemo
571 2825 782 2899 nescit3
826 2823 956 2880 huic
1002 2828 1188 2881 tamen
1233 2826 1389 2900 operi
1435 2822 1625 2881 Gallia
1667 2828 1839 2900 typos
1885 2838 2018 2879 suos
2064 2839 2208 2878 con-

363 2916 577 2970 stanter
620 2914 924 2969 recusavit.
990 2910 1069 2968 Et
1113 2912 1258 2987 quod
1294 2914 1479 2990 magis
1526 2911 2008 2982 considerandum,
2055 2911 2208 2965 anti-

361 3001 533 3079 logiis
581 3002 716 3057 satis
762 3000 1137 3075 frequentibus
1180 3002 1322 3058 liber
1367 3005 1578 3079 scatetJ,
1625 3000 1940 3058 testimonia
1979 2997 2208 3053 Patrum

365 3095 421 3147 et
444 3085 823 3146 Conciliorum
868 3090 1015 3145 mala
1055 3088 1160 3146 fide
1209 3094 1264 3146 et
1296 3093 1596 3148 oscitanter
1638 3089 1858 3165 prolata
1903 3090 2050 3162 sunt,
2099 3084 2208 3141 de-

363 3181 642 3255 truncata,
691 3196 726 3232 a
768 3179 955 3235 nativo
1003 3182 1058 3234 et
1082 3179 1303 3254 proprio
1349 3180 1404 3235 in
1438 3179 1680 3234 alienum
1725 3192 1951 3232 sensum
1997 3178 2052 3230 et
2095 3175 2206 3229 im-
2292 3180 2302 3191 ⁸

365 3268 596 3341 probum
642 3265 890 3344 detorta,
948 3269 1063 3324 tum
1107 3268 1344 3340 injuriae
1392 3269 1448 3322 et
1493 3265 1746 3321 convicia
1789 3265 1845 3319 in
1890 3263 2098 3339 pietate
2155 3266 2211 3318 et

368 3353 617 3410 doctrina
662 3355 990 3429 conspicuos
1050 3357 1202 3412 viros
1249 3357 1440 3427 jacta3
1500 3352 1736 3426 denique
1784 3350 1855 3407 ad
1900 3354 2210 3406 extremum

367 3441 558 3515 plures
604 3441 727 3496 libri
774 3443 872 3497 sub
921 3444 1182 3499 ementito
1213 3439 1523 3498 Meldensis
1569 3440 1788 3496 nomine
1838 3438 1970 3494 editi
2015 3441 2143 3492 sunt
2176 3456 2210 3492 a

367 3528 645 3586 Bossueto
683 3529 940 3605 juniore,
986 3527 1270 3605 Episcopo
1296 3528 1591 3605 'Precensi,
1637 3526 1946 3585 Meldensis
1984 3528 2208 3602 nepote,
