2326 3854
720 179 1321 234 Ἥρῃ-

124 351 400 409 admodum
451 350 602 398 etiam
653 349 707 396 in
747 348 908 413 yestis
957 343 1301 394 conciliorum
1349 345 1401 388 et
1434 336 1721 388 canonibus
1759 341 1917 387 conti-

119 442 289 486 netur.
366 429 423 483 Si
459 429 715 482 Romanus
753 428 993 480 Pontifex
1029 444 1099 479 ex
1132 422 1323 478 Christi
1359 418 1672 473 institutione
1700 423 1920 487 plenam

116 525 428 587 potestatem
465 515 650 586 accepit
686 512 936 584 pascendi,
974 510 1178 580 regendi
1215 518 1265 560 et
1301 505 1607 578 gubernandi
1653 509 1918 557 universa-

125 607 224 656 lem
261 604 578 660 Ecclesiam3
633 606 738 650 non‘
779 599 832 649 in
882 596 1104 665 singulas
1142 603 1192 646 et
1227 593 1550 664 particulares
1586 599 1776 642 tantum
1821 588 1918 643 Ec-

124 687 297 742 clesias
334 683 639 738 distributive
677 692 726 734 et
761 680 1028 751 separatim
1065 687 1309 748 aceeptaS‚
1347 677 1431 730 sed
1455 674 1496 746 ⁸)
1534 676 1585 727 in
1610 693 1780 736 omnes
1819 677 1919 728 eol·

123 772 299 825 lective
345 778 586 838 sumptas,
641 784 710 819 ex
763 766 936 834 quibus
999 781 1120 816 sane
1172 762 1377 832 sumptis
1425 761 1678 815 collective
1723 770 1921 815 constat

123 853 416 910 universalis
445 851 689 915 Ecclesia,
727 859 1020 922 potestatem
1058 849 1222 911 habet,
1259 858 1317 900 ac
1354 847 1558 917 proinde
1590 846 1750 900 habet
1773 847 1920 899 etiam

119 942 173 992 in
209 938 388 991 Patres
426 956 616 1006 quoque
654 934 986 990 Conciliorum
1015 932 1352 1004 generalium,
1391 950 1515 1001 quae
1551 931 1682 984 illam
1719 950 1920 1002 reprae-

122 1006 351 1090 sentant,
389 1040 480 1076 nec
518 1022 693 1093 majori
729 1031 873 1090 quam
908 1021 1015 1090 ipsa
1060 1017 1355 1072 universalis
1391 1015 1619 1070 Ecclesia
1663 1017 1920 1088 privilegio

121 1109 351 1180 gaudent.

261 1194 312 1246 9.
386 1191 504 1244 Νοιι
540 1192 745 1244 deerunt
779 1190 1026 1253 fortassis,
1066 1187 1148 1257 qui
1184 1187 1318 1240 hisee
1350 1186 1647 1238 testimoniis
1673 1185 1922 1258 opponent

123 1278 412 1332 decretalem
476 1278 617 1328 Inter
671 1283 858 1328 cuncta
914 1271 1293 1328 Constantiensi
1349 1271 1555 1324 concilio
1621 1273 1922 1343 approbante

123 1363 300 1416 editam
338 1381 368 1414 a
404 1345 730 1414 Martino'V.
771 1359 994 1412 sessione
1030 1359 1219 1422 ultima,
1256 1357 1339 1409 uhi
1376 1356 1597 1410 Wieleffi
1634 1358 1923 1429 propositiO,

125 1448 247 1499 Non
287 1454 364 1498 est
398 1449 463 1498 de
487 1448 796 1498 necessitate
822 1433 1006 1498 salutis
1033 1446 1268 1504 credere,
1309 1444 1604 1495 Romanam
1628 1444 1923 1496 Ecclesiam

123 1552 232 1584 esse
270 1543 564 1599 supremam
600 1536 736 1584 inter
775 1533 911 1583 alias
937 1531 1224 1589 Ecclesias,
1263 1527 1354 1580 hac
1386 1545 1596 1580 censura
1634 1528 1921 1598 configitur:

125 1618 326 1677 Error,
371 1620 418 1668 si
451 1626 554 1683 per
603 1618 898 1668 Romanam
934 1609 1229 1667 Ecclesiam
1277 1616 1543 1683 intelligat
1575 1617 1924 1667 universalem

123 1703 433 1761 Ecclesiam,
470 1708 564 1752 aut
592 1702 881 1753 Concilium
912 1702 1180 1768 yenerale,
1219 1707 1310 1751 aut
1336 1719 1444 1767 pro
1472 1706 1668 1767 quanto
1705 1708 1926 1768 neyarct

118 1790 404 1854 primatum
444 1789 626 1838 summi
663 1787 937 1853 Pontificis
987 1802 1149 1852 super
1199 1786 1335 1839 alias
1375 1786 1644 1836 Ecclesias
1684 1788 1922 1852 particu-

100 1859 280 1930 lares,
315 1870 490 1938 quibus
524 1869 804 1941 postremis„
823 1869 991 1924 verbis
1014 1871 1285 1922 Ecclesiae
1325 1869 1515 1938 quidem
1546 1871 1924 1938 particulares,
1962 1868 1964 1870 ’

116 2075 221 2124 jure,
256 2074 363 2124 quod
393 2074 481 2112 sine
509 2072 763 2149 praejudicio
793 2085 1004 2126 supremae
1035 2075 1298 2139 auctoritatis
1329 2075 1501 2125 obligat,
1532 2076 1591 2114 uti
1623 2074 1764 2114 eodem
1787 2076 1923 2127 capite

124 2144 172 2172 ex
202 2133 425 2172 licavimus.

173 2145 198 2230 ,Ρ
246 2188 281 2241 ¹)
319 2192 438 2230 Hanc
475 2190 644 2229 eandem
692 2193 936 2241 potestatem
978 2192 1151 2230 Romani
1190 2191 1402 2232 Pontifieis
1444 2193 1485 2231 in
1537 2203 1676 2230 omnes
1708 2193 1921 2231 Ecclesias

123 2249 223 2288 satis
264 2249 372 2287 clare
412 2249 732 2299 praesumpsisse
747 2252 890 2299 *atque
935 2249 1140 2289 indicasse
1179 2251 1342 2289 videtur
1379 2252 1468 2300 ipsa
1507 2251 1711 2300 generalis
1743 2250 1923 2301 synodus

123 2307 308 2353 Nicae'na
334 2308 366 2348 Ι.
398 2319 486 2346 cum
506 2307 701 2357 'decrevit
731 2307 962 2357 paschalem
995 2308 1098 2347 diem
1121 2310 1339 2358 quotannis
1369 2309 1420 2347 ab
1441 2309 1717 2348 Alexandrina
1734 2310 1923 2348 ecclesia

125 2365 175 2403 ob
206 2365 451 2415 peculiarem
481 2365 609 2415 ipsius
640 2366 682 2404 in
714 2366 891 2415 paschali
924 2366 1078 2404 calculo
1110 2367 1301 2417 peritiam
1320 2367 1529 2406 Romanae
1562 2368 1776 2406 Ecclesiae
1798 2369 1924 2418 signi-

126 2422 344 2470 ficandum,
390 2427 435 2462 ut
466 2422 569 2462 haec
613 2435 693 2474 pro
736 2435 816 2463 sua
862 2426 1117 2464 auctoritate
1163 2426 1205 2462 in
1249 2425 1481 2464 universam
1513 2426 1743 2465 Ecclesiam
1785 2436 1924 2466 omnes

125 2482 309 2532 adigeret
340 2482 392 2520 ad
424 2482 594 2520 eundem
625 2482 731 2520 diem
760 2483 848 2520 sine
876 2483 959 2522 ulla
990 2483 1288 2533 disceptatione
1317 2484 1465 2534 ubique
1495 2485 1795 2523 celebrandum.
1853 2485 1924 2524 Sic

126 2541 230 2579 enim
272 2540 323 2578 de
363 2540 440 2578 hoc
480 2540 645 2579 decreto
677 2540 861 2580 Nicaeno
902 2542 1047 2580 scribit
1086 2543 1131 2581 S.
1163 2543 1337 2592 Cyrillus
1367 2543 1597 2593 Episcopus
1627 2543 1924 2582 Alexandrinus

124 2599 166 2636 in
197 2599 366 2649 prologo
408 2598 588 2649 paschali
628 2598 736 2649 apud
764 2599 1025 2639 Eucherium:
1090 2600 1194 2640 Cum
1229 2601 1288 2639 iis
1317 2601 1472 2651 igitur,
1519 2605 1644 2653 atque
1683 2600 1924 2650 hujusmodi

125 2656 454 2697 dissensionibus
483 2657 618 2706 (circa
648 2657 754 2696 diem
783 2658 982 2708 paschae)
1022 2660 1170 2708 regula
1212 2660 1477 2706 turbat-etum
1519 2665 1764 2701 sanctorum
1795 2662 1925 2700 totius

126 2715 237 2754 orb‘s
265 2715 416 2765 synodi
461 2716 730 2755 consensione
772 2716 981 2756 decretum
1012 2720 1097 2760 est,
1143 2721 1192 2757 ut
1232 2719 1432 2768 quoniam
1472 2719 1590 2769 apud
1620 2720 1924 2759 Alexandriam

127 2758 226 2812 talis
257 2776 363 2812 esset
388 2776 585 2822 reperta
598 2773 813 2823 Ecclesia,
853 2787 959 2826 quae
989 2776 1037 2815 in
1067 2774 1193 2823 hujus
1225 2777 1407 2816 scientia
1439 2778 1636 2828 clareret
1678 2782 1807 2829 quota
1843 2781 1921 2818 Ca-

128 2829 346 2870 tendam-m
373 2831 448 2869 vel
478 2830 652 2879 Idaecum,
696 2834 824 2882 quota
856 2833 987 2872 Luna
1026 2835 1188 2883 pascha
1220 2835 1367 2875 debeat
1405 2836 1630 2883 celebrari,
1672 2848 1752 2886 per
1787 2848 1924 2876 annos

126 2889 317 2938 singulos
373 2887 592 2929 Romanae
641 2861 856 2930 Ecclesiae
902 2891 1056 2931 litteris
1103 2893 1344 2942 intimaret,
1398 2894 1511 2941 unde
1551 2894 1925 2936 APOSTOLICA

126 2945 567 2987 AUCTORITATE
616 2946 724 2986 UNI
732 2946 1017 2988 VERSALIS
1054 2944 1344 2991 ECCLESIA
1383 2956 1624 3002 pertotum
1654 2954 1792 2994 orbem
1824 2951 1925 3002 ἀρῇ-

125 3005 260 3044 nitum
309 3006 495 3054 paschae
547 3005 657 3044 diem
714 3005 854 3045 SINE
908 3006 1066 3047 ULLA
1105 3006 1595 3051 DIS'CEPTATIONE
1641 3016 1920 3061 cognosceret.

127 3063 248 3104 Vides
289 3064 558 3112 Apostolicae
597 3065 844 3104 auctoritati
886 3065 933 3104 in
958 3067 1253 3107 universalem
1287 3067 1517 3109 Ecclesiam
1547 3082 1636 3109 eam
1669 3071 1748 3109 vim
1769 3071 1923 3109 coacti-

126 3124 216 3169 vam
245 3122 434 3169 attribui,
475 3121 595 3172 quae*
625 3134 779 3161 omnem
818 3122 1114 3178 dubitationem
1158 3125 1208 3166 de
1239 3126 1373 3165 medio
1405 3128 1595 3167 tolleret?
1657 3129 1737 3167 Cui·
1769 3129 1813 3166 id
1843 3140 1923 3167 non

127 3179 422 3231 Alexandrino,
442 3181 527 3219 sed
557 3181 740 3219 Romano
773 3180 963 3220 Pontifici
993 3181 1252 3232 adtributum,
1284 3188 1326 3223 et
1354 3184 1448 3222 huie
1480 3185 1641 3234 quidem
1671 3184 1924 3226 adtributum

128 3248 208 3276 non
239 3244 293 3277 ex
318 3238 575 3306 delegatione
606 3239 777 3290 quadam
807 3240 934 3290 ipsius
964 3241 1143 3286 concilii,
1177 3215 1255 3280 sed
1283 3254 1332 3281 ex
1353 3243 1599 3292 Apostolica
1627 3244 1753 3295 ipsius
1776 3249 1923 3286 aucto-

128 3295 266 3349 ritate,
298 3296 396 3346 nisi,
429 3298 524 3347 quia
555 3309 634 3336 non
666 3298 954 3342 Alexandrini,
994 3299 1065 3336 sed
1096 3299 1268 3338 Romani
1308 3303 1462 3339 tantum
1495 3302 1707 3341 Antistitis
1740 3305 1921 3354 Aposto-

131 3353 253 3393 licam
284 3355 575 3395 auctoritatem
606 3356 659 3395 ad
701 3357 931 3395 universam
963 3357 1190 3397 Ecclesiam
1231 3359 1336 3397 omni
1369 3360 1529 3399 sublata
1561 3361 1816 3402 dubitatione
1847 3375 1920 3402 co—

131 3411 299 3459 gendam
330 3424 400 3463 per
431 3425 484 3452 se
500 3414 694 3454 sufficere
725 3416 898 3454 Nicaeni
930 3415 1074 3454 Patres
1105 3417 1334 3456 certissime
1365 3419 1593 3458 noverant?
