<?xml version="1.0" encoding="UTF-8"?>
<!DOCTYPE html PUBLIC "-//W3C//DTD XHTML 1.0 Transitional//EN"
    "http://www.w3.org/TR/xhtml1/DTD/xhtml1-transitional.dtd">
<html xmlns="http://www.w3.org/1999/xhtml" xml:lang="en" lang="en">
 <head>
  <title>
</title>
<meta http-equiv="Content-Type" content="text/html;charset=utf-8" />
  <meta name='ocr-system' content='tesseract 3.04.00' />
  <meta name='ocr-capabilities' content='ocr_page ocr_carea ocr_par ocr_line ocrx_word'/>
</head>
<body>
  <div class='ocr_page' id='page_1' title='image "./ra546170800balluoft_0016.png"; bbox 0 0 2326 3854; ppageno 0'>
   <div class='ocr_carea' id='block_1_1' title="bbox 895 161 1480 197">
    <p class='ocr_par' dir='ltr' id='par_1_1' title="bbox 895 161 1480 197">
     <span class='ocr_line' id='line_1_1' title="bbox 895 161 1480 197; baseline 0.002 -15"><span class='ocrx_word' id='word_1_1' title='bbox 895 175 1069 182; x_wconf 40' lang='grc' dir='ltr'>ξ’..</span> <span class='ocrx_word' id='word_1_2' title='bbox 1167 161 1206 197; x_wconf 79' lang='lat' dir='ltr'>X</span> <span class='ocrx_word' id='word_1_3' title='bbox 1305 176 1480 183; x_wconf 78' lang='lat'>—..</span> 
     </span>
    </p>
   </div>
   <div class='ocr_carea' id='block_1_2' title="bbox 248 311 2113 3563">
    <p class='ocr_par' dir='ltr' id='par_1_2' title="bbox 248 311 2113 3563">
     <span class='ocr_line' id='line_1_2' title="bbox 259 311 2109 397; baseline 0.003 -26"><span class='ocrx_word' id='word_1_4' title='bbox 259 317 440 392; x_wconf 80' lang='lat' dir='ltr'>gitimi</span> <span class='ocrx_word' id='word_1_5' title='bbox 487 332 554 372; x_wconf 86' lang='lat' dir='ltr'>ac</span> <span class='ocrx_word' id='word_1_6' title='bbox 585 316 826 372; x_wconf 88' lang='lat' dir='ltr'>viventis</span> <span class='ocrx_word' id='word_1_7' title='bbox 855 314 1098 372; x_wconf 83' lang='lat' dir='ltr'>Romani</span> <span class='ocrx_word' id='word_1_8' title='bbox 1121 312 1406 371; x_wconf 85' lang='lat' dir='ltr'>Pontificis</span> <span class='ocrx_word' id='word_1_9' title='bbox 1454 332 1625 390; x_wconf 90' lang='lat' dir='ltr'>supra</span> <span class='ocrx_word' id='word_1_10' title='bbox 1650 311 1959 376; x_wconf 79' lang='lat' dir='ltr'><strong>Concilium</strong></span> <span class='ocrx_word' id='word_1_11' title='bbox 1992 335 2109 397; x_wconf 81' lang='lat' dir='ltr'>ge·-</span> 
     </span>
     <span class='ocr_line' id='line_1_3' title="bbox 257 398 2108 479; baseline 0.003 -20"><span class='ocrx_word' id='word_1_12' title='bbox 257 403 486 479; x_wconf 80' lang='lat' dir='ltr'>nerale3</span> <span class='ocrx_word' id='word_1_13' title='bbox 532 420 714 477; x_wconf 92' lang='lat' dir='ltr'>neque</span> <span class='ocrx_word' id='word_1_14' title='bbox 761 404 850 459; x_wconf 88' lang='lat' dir='ltr'>hic</span> <span class='ocrx_word' id='word_1_15' title='bbox 895 419 1207 459; x_wconf 89' lang='lat' dir='ltr'>sermonem</span> <span class='ocrx_word' id='word_1_16' title='bbox 1255 418 1383 459; x_wconf 91' lang='lat' dir='ltr'>esse</span> <span class='ocrx_word' id='word_1_17' title='bbox 1431 401 1501 458; x_wconf 92' lang='lat' dir='ltr'>de</span> <span class='ocrx_word' id='word_1_18' title='bbox 1534 398 1789 461; x_wconf 78' lang='lat' dir='ltr'>Concilio</span> <span class='ocrx_word' id='word_1_19' title='bbox 1837 420 2108 464; x_wconf 89' lang='lat' dir='ltr'>oecume—</span> 
     </span>
     <span class='ocr_line' id='line_1_4' title="bbox 257 489 2111 569; baseline 0.003 -22"><span class='ocrx_word' id='word_1_20' title='bbox 257 494 415 569; x_wconf 91' lang='lat' dir='ltr'>nico,</span> <span class='ocrx_word' id='word_1_21' title='bbox 444 494 552 549; x_wconf 74' lang='lat' dir='ltr'>-cui</span> <span class='ocrx_word' id='word_1_22' title='bbox 597 491 890 548; x_wconf 84' lang='lat' dir='ltr'>Romanus</span> <span class='ocrx_word' id='word_1_23' title='bbox 935 489 1204 547; x_wconf 81' lang='lat' dir='ltr'><strong>Pontifex</strong></span> <span class='ocrx_word' id='word_1_24' title='bbox 1250 496 1346 548; x_wconf 90' lang='lat' dir='ltr'>aut</span> <span class='ocrx_word' id='word_1_25' title='bbox 1389 509 1492 566; x_wconf 90' lang='lat' dir='ltr'>per</span> <span class='ocrx_word' id='word_1_26' title='bbox 1538 508 1633 569; x_wconf 89' lang='lat' dir='ltr'>se,</span> <span class='ocrx_word' id='word_1_27' title='bbox 1690 497 1787 548; x_wconf 92' lang='lat' dir='ltr'>aut</span> <span class='ocrx_word' id='word_1_28' title='bbox 1832 508 1934 568; x_wconf 89' lang='lat' dir='ltr'>per</span> <span class='ocrx_word' id='word_1_29' title='bbox 1979 511 2111 552; x_wconf 85' lang='lat' dir='ltr'>suos</span> 
     </span>
     <span class='ocr_line' id='line_1_5' title="bbox 255 578 2111 656; baseline 0.002 -22"><span class='ocrx_word' id='word_1_30' title='bbox 255 580 482 656; x_wconf 82' lang='lat' dir='ltr'>legatos</span> <span class='ocrx_word' id='word_1_31' title='bbox 514 580 882 656; x_wconf 74' lang='lat' dir='ltr'>praesederit,</span> <span class='ocrx_word' id='word_1_32' title='bbox 917 579 1170 653; x_wconf 90' lang='lat' dir='ltr'>quodque</span> <span class='ocrx_word' id='word_1_33' title='bbox 1200 580 1321 654; x_wconf 91' lang='lat' dir='ltr'>ipse</span> <span class='ocrx_word' id='word_1_34' title='bbox 1353 578 1794 656; x_wconf 69' lang='lat' dir='ltr'>confirmaverit,</span> <span class='ocrx_word' id='word_1_35' title='bbox 1827 582 1935 638; x_wconf 91' lang='lat' dir='ltr'>hoc</span> <span class='ocrx_word' id='word_1_36' title='bbox 1968 585 2111 638; x_wconf 87' lang='lat' dir='ltr'>enim</span> 
     </span>
     <span class='ocr_line' id='line_1_6' title="bbox 256 666 2113 748; baseline 0.002 -25"><span class='ocrx_word' id='word_1_37' title='bbox 256 667 486 743; x_wconf 85' lang='lat' dir='ltr'>perinde</span> <span class='ocrx_word' id='word_1_38' title='bbox 532 668 700 744; x_wconf 89' lang='lat' dir='ltr'>foret,</span> <span class='ocrx_word' id='word_1_39' title='bbox 748 672 912 740; x_wconf 89' lang='lat' dir='ltr'>atque</span> <span class='ocrx_word' id='word_1_40' title='bbox 958 667 1275 745; x_wconf 76' lang='lat' dir='ltr'>adstruere,</span> <span class='ocrx_word' id='word_1_41' title='bbox 1321 666 1640 725; x_wconf 84' lang='lat' dir='ltr'>Romanum</span> <span class='ocrx_word' id='word_1_42' title='bbox 1680 668 2028 748; x_wconf 86' lang='lat' dir='ltr'>Pontificem,</span> <span class='ocrx_word' id='word_1_43' title='bbox 2080 689 2113 725; x_wconf 88' lang='lat' dir='ltr'>a</span> 
     </span>
     <span class='ocr_line' id='line_1_7' title="bbox 257 752 2109 834; baseline 0.002 -22"><span class='ocrx_word' id='word_1_44' title='bbox 257 773 363 830; x_wconf 91' lang='lat' dir='ltr'>quo</span> <span class='ocrx_word' id='word_1_45' title='bbox 390 752 768 812; x_wconf 89' lang='lat' dir='ltr'>Conciliorum</span> <span class='ocrx_word' id='word_1_46' title='bbox 800 755 1028 811; x_wconf 89' lang='lat' dir='ltr'>decreta</span> <span class='ocrx_word' id='word_1_47' title='bbox 1058 773 1275 812; x_wconf 89' lang='lat' dir='ltr'>omnem</span> <span class='ocrx_word' id='word_1_48' title='bbox 1303 754 1615 813; x_wconf 84' lang='lat' dir='ltr'>firmitatem</span> <span class='ocrx_word' id='word_1_49' title='bbox 1646 760 1945 834; x_wconf 78' lang='lat' dir='ltr'>accipiunt,</span> <span class='ocrx_word' id='word_1_50' title='bbox 1981 776 2109 815; x_wconf 91' lang='lat' dir='ltr'>esse</span> 
     </span>
     <span class='ocr_line' id='line_1_8' title="bbox 256 842 2108 922; baseline 0.002 -23"><span class='ocrx_word' id='word_1_51' title='bbox 256 845 358 899; x_wconf 91' lang='lat' dir='ltr'>sibi</span> <span class='ocrx_word' id='word_1_52' title='bbox 419 844 783 918; x_wconf 89' lang='lat' dir='ltr'>superiorem.</span> <span class='ocrx_word' id='word_1_53' title='bbox 874 842 1088 915; x_wconf 77' lang='lat' dir='ltr'>Quodsi</span> <span class='ocrx_word' id='word_1_54' title='bbox 1149 843 1414 922; x_wconf 86' lang='lat' dir='ltr'>decreta,</span> <span class='ocrx_word' id='word_1_55' title='bbox 1472 844 1752 920; x_wconf 86' lang='lat' dir='ltr'>pontificia</span> <span class='ocrx_word' id='word_1_56' title='bbox 1811 848 2108 903; x_wconf 80' lang='lat' dir='ltr'>autoritate</span> 
     </span>
     <span class='ocr_line' id='line_1_9' title="bbox 254 930 2107 1012; baseline 0.002 -26"><span class='ocrx_word' id='word_1_57' title='bbox 254 930 501 1008; x_wconf 89' lang='lat' dir='ltr'>firmata,</span> <span class='ocrx_word' id='word_1_58' title='bbox 547 933 661 987; x_wconf 89' lang='lat' dir='ltr'>vim</span> <span class='ocrx_word' id='word_1_59' title='bbox 704 932 946 1009; x_wconf 87' lang='lat' dir='ltr'>habent,</span> <span class='ocrx_word' id='word_1_60' title='bbox 995 937 1055 989; x_wconf 92' lang='lat' dir='ltr'>ut</span> <span class='ocrx_word' id='word_1_61' title='bbox 1101 936 1263 990; x_wconf 89' lang='lat' dir='ltr'>autor</span> <span class='ocrx_word' id='word_1_62' title='bbox 1306 936 1498 990; x_wconf 90' lang='lat' dir='ltr'>noster</span> <span class='ocrx_word' id='word_1_63' title='bbox 1544 950 1667 1008; x_wconf 87' lang='lat' dir='ltr'>cap.</span> <span class='ocrx_word' id='word_1_64' title='bbox 1693 935 1754 991; x_wconf 86' lang='lat'>3.</span> <span class='ocrx_word' id='word_1_65' title='bbox 1805 933 2107 1012; x_wconf 89' lang='lat' dir='ltr'>existimat,</span> 
     </span>
     <span class='ocr_line' id='line_1_10' title="bbox 256 1019 2110 1098; baseline 0.002 -23"><span class='ocrx_word' id='word_1_66' title='bbox 256 1019 327 1075; x_wconf 88' lang='lat' dir='ltr'>ad</span> <span class='ocrx_word' id='word_1_67' title='bbox 386 1019 702 1097; x_wconf 83' lang='lat' dir='ltr'>cogendum</span> <span class='ocrx_word' id='word_1_68' title='bbox 759 1021 940 1095; x_wconf 91' lang='lat' dir='ltr'>ipsum</span> <span class='ocrx_word' id='word_1_69' title='bbox 984 1019 1345 1098; x_wconf 85' lang='lat' dir='ltr'>Pontificem,</span> <span class='ocrx_word' id='word_1_70' title='bbox 1415 1021 1470 1077; x_wconf 89' lang='lat' dir='ltr'>id</span> <span class='ocrx_word' id='word_1_71' title='bbox 1515 1038 1626 1078; x_wconf 91' lang='lat' dir='ltr'>non</span> <span class='ocrx_word' id='word_1_72' title='bbox 1683 1040 1756 1077; x_wconf 85' lang='lat' dir='ltr'>ex</span> <span class='ocrx_word' id='word_1_73' title='bbox 1810 1023 2110 1079; x_wconf 87' lang='lat' dir='ltr'>intrinseca</span> 
     </span>
     <span class='ocr_line' id='line_1_11' title="bbox 255 1108 2104 1186; baseline 0.001 -22"><span class='ocrx_word' id='word_1_74' title='bbox 255 1125 449 1164; x_wconf 87' lang='lat' dir='ltr'>eorum</span> <span class='ocrx_word' id='word_1_75' title='bbox 493 1109 721 1185; x_wconf 89' lang='lat' dir='ltr'>virtute,</span> <span class='ocrx_word' id='word_1_76' title='bbox 769 1108 869 1164; x_wconf 90' lang='lat' dir='ltr'>sed</span> <span class='ocrx_word' id='word_1_77' title='bbox 917 1109 984 1164; x_wconf 87' lang='lat' dir='ltr'>ab</span> <span class='ocrx_word' id='word_1_78' title='bbox 1033 1111 1353 1165; x_wconf 86' lang='lat' dir='ltr'>extrinseca</span> <span class='ocrx_word' id='word_1_79' title='bbox 1397 1110 1687 1186; x_wconf 87' lang='lat' dir='ltr'>provenit,</span> <span class='ocrx_word' id='word_1_80' title='bbox 1736 1110 1950 1166; x_wconf 90' lang='lat' dir='ltr'>scilicet</span> <span class='ocrx_word' id='word_1_81' title='bbox 1995 1129 2104 1166; x_wconf 91' lang='lat' dir='ltr'>na-</span> 
     </span>
     <span class='ocr_line' id='line_1_12' title="bbox 252 1197 2106 1274; baseline 0.001 -22"><span class='ocrx_word' id='word_1_82' title='bbox 252 1197 419 1252; x_wconf 89' lang='lat' dir='ltr'>turali</span> <span class='ocrx_word' id='word_1_83' title='bbox 464 1197 763 1270; x_wconf 86' lang='lat' dir='ltr'>divinoque</span> <span class='ocrx_word' id='word_1_84' title='bbox 798 1200 953 1274; x_wconf 86' lang='lat' dir='ltr'>jure,</span> <span class='ocrx_word' id='word_1_85' title='bbox 999 1203 1061 1254; x_wconf 91' lang='lat' dir='ltr'>ut</span> <span class='ocrx_word' id='word_1_86' title='bbox 1091 1201 1253 1254; x_wconf 88' lang='lat' dir='ltr'>autor</span> <span class='ocrx_word' id='word_1_87' title='bbox 1298 1199 1421 1272; x_wconf 90' lang='lat' dir='ltr'>ipse</span> <span class='ocrx_word' id='word_1_88' title='bbox 1470 1199 1742 1273; x_wconf 69' lang='lat' dir='ltr'>explicat,</span> <span class='ocrx_word' id='word_1_89' title='bbox 1790 1199 1886 1254; x_wconf 88' lang='lat' dir='ltr'>alii</span> <span class='ocrx_word' id='word_1_90' title='bbox 1923 1203 2106 1255; x_wconf 90' lang='lat' dir='ltr'>tamen</span> 
     </span>
     <span class='ocr_line' id='line_1_13' title="bbox 256 1281 2108 1344; baseline 0.002 -5"><span class='ocrx_word' id='word_1_91' title='bbox 256 1288 487 1340; x_wconf 89' lang='lat' dir='ltr'>censent</span> <span class='ocrx_word' id='word_1_92' title='bbox 547 1281 927 1342; x_wconf 87' lang='lat' dir='ltr'>Conciliorum</span> <span class='ocrx_word' id='word_1_93' title='bbox 985 1287 1153 1343; x_wconf 91' lang='lat' dir='ltr'>etiam</span> <span class='ocrx_word' id='word_1_94' title='bbox 1205 1287 1690 1343; x_wconf 89' lang='lat' dir='ltr'>oecumenicorum</span> <span class='ocrx_word' id='word_1_95' title='bbox 1749 1303 1992 1343; x_wconf 91' lang='lat' dir='ltr'>canones</span> <span class='ocrx_word' id='word_1_96' title='bbox 2054 1293 2108 1344; x_wconf 90' lang='lat' dir='ltr'>et</span> 
     </span>
     <span class='ocr_line' id='line_1_14' title="bbox 254 1372 2105 1451; baseline 0.001 -23"><span class='ocrx_word' id='word_1_97' title='bbox 254 1372 484 1429; x_wconf 90' lang='lat' dir='ltr'>decreta</span> <span class='ocrx_word' id='word_1_98' title='bbox 530 1372 926 1451; x_wconf 90' lang='lat' dir='ltr'>disciplinaria,</span> <span class='ocrx_word' id='word_1_99' title='bbox 974 1374 1044 1430; x_wconf 91' lang='lat' dir='ltr'>de</span> <span class='ocrx_word' id='word_1_100' title='bbox 1091 1376 1286 1449; x_wconf 86' lang='lat' dir='ltr'>quibus</span> <span class='ocrx_word' id='word_1_101' title='bbox 1333 1375 1515 1431; x_wconf 89' lang='lat' dir='ltr'>solum</span> <span class='ocrx_word' id='word_1_102' title='bbox 1559 1374 1651 1431; x_wconf 91' lang='lat' dir='ltr'>hic</span> <span class='ocrx_word' id='word_1_103' title='bbox 1700 1392 1907 1447; x_wconf 83' lang='lat' dir='ltr'>sermo,</span> <span class='ocrx_word' id='word_1_104' title='bbox 1955 1393 2105 1431; x_wconf 60' lang='lat' dir='ltr'>nun÷</span> 
     </span>
     <span class='ocr_line' id='line_1_15' title="bbox 255 1460 2107 1540; baseline 0.002 -24"><span class='ocrx_word' id='word_1_105' title='bbox 255 1478 418 1534; x_wconf 92' lang='lat' dir='ltr'>quam</span> <span class='ocrx_word' id='word_1_106' title='bbox 471 1460 680 1518; x_wconf 90' lang='lat' dir='ltr'>habere</span> <span class='ocrx_word' id='word_1_107' title='bbox 740 1463 795 1517; x_wconf 90' lang='lat' dir='ltr'>in</span> <span class='ocrx_word' id='word_1_108' title='bbox 835 1460 1142 1518; x_wconf 88' lang='lat' dir='ltr'>Pontifices</span> <span class='ocrx_word' id='word_1_109' title='bbox 1202 1465 1315 1518; x_wconf 88' lang='lat' dir='ltr'>vim</span> <span class='ocrx_word' id='word_1_110' title='bbox 1373 1464 1717 1540; x_wconf 75' lang='lat' dir='ltr'>coactivam,</span> <span class='ocrx_word' id='word_1_111' title='bbox 1779 1464 1880 1519; x_wconf 89' lang='lat' dir='ltr'>sed</span> <span class='ocrx_word' id='word_1_112' title='bbox 1927 1464 2107 1519; x_wconf 89' lang='lat' dir='ltr'>solum</span> 
     </span>
     <span class='ocr_line' id='line_1_16' title="bbox 255 1544 2103 1625; baseline 0.002 -21"><span class='ocrx_word' id='word_1_113' title='bbox 255 1544 598 1605; x_wconf 87' lang='lat' dir='ltr'>directivam.</span> <span class='ocrx_word' id='word_1_114' title='bbox 682 1545 1085 1606; x_wconf 79' lang='lat' dir='ltr'>Controversia</span> <span class='ocrx_word' id='word_1_115' title='bbox 1130 1553 1316 1625; x_wconf 90' lang='lat' dir='ltr'>itaque</span> <span class='ocrx_word' id='word_1_116' title='bbox 1361 1555 1555 1607; x_wconf 88' lang='lat' dir='ltr'>nostra</span> <span class='ocrx_word' id='word_1_117' title='bbox 1600 1550 1669 1607; x_wconf 90' lang='lat' dir='ltr'>de</span> <span class='ocrx_word' id='word_1_118' title='bbox 1700 1553 1941 1608; x_wconf 90' lang='lat' dir='ltr'>relativa</span> <span class='ocrx_word' id='word_1_119' title='bbox 1970 1550 2103 1608; x_wconf 84' lang='lat' dir='ltr'>Ro-</span> 
     </span>
     <span class='ocr_line' id='line_1_17' title="bbox 252 1636 2107 1714; baseline 0.001 -22"><span class='ocrx_word' id='word_1_120' title='bbox 252 1639 400 1692; x_wconf 90' lang='lat' dir='ltr'>mani</span> <span class='ocrx_word' id='word_1_121' title='bbox 445 1636 729 1694; x_wconf 87' lang='lat' dir='ltr'>Pontificis</span> <span class='ocrx_word' id='word_1_122' title='bbox 787 1654 1043 1694; x_wconf 87' lang='lat' dir='ltr'>seorsum</span> <span class='ocrx_word' id='word_1_123' title='bbox 1098 1640 1304 1713; x_wconf 84' lang='lat' dir='ltr'>sumpti</span> <span class='ocrx_word' id='word_1_124' title='bbox 1362 1640 1801 1714; x_wconf 86' lang='lat' dir='ltr'>praeeminentia</span> <span class='ocrx_word' id='word_1_125' title='bbox 1850 1644 2107 1696; x_wconf 86' lang='lat' dir='ltr'>movetur</span> 
     </span>
     <span class='ocr_line' id='line_1_18' title="bbox 253 1722 2106 1803; baseline 0.002 -24"><span class='ocrx_word' id='word_1_126' title='bbox 253 1742 426 1800; x_wconf 89' lang='lat' dir='ltr'>supra</span> <span class='ocrx_word' id='word_1_127' title='bbox 458 1722 792 1803; x_wconf 78' lang='lat' dir='ltr'>Concilium,</span> <span class='ocrx_word' id='word_1_128' title='bbox 840 1727 962 1781; x_wconf 86' lang='lat' dir='ltr'>sive</span> <span class='ocrx_word' id='word_1_129' title='bbox 985 1724 1394 1801; x_wconf 86' lang='lat' dir='ltr'>Episcoporum</span> <span class='ocrx_word' id='word_1_130' title='bbox 1440 1730 1659 1783; x_wconf 91' lang='lat' dir='ltr'>coetum</span> <span class='ocrx_word' id='word_1_131' title='bbox 1705 1743 1959 1783; x_wconf 87' lang='lat' dir='ltr'>seorsum</span> <span class='ocrx_word' id='word_1_132' title='bbox 1995 1744 2106 1802; x_wconf 87' lang='lat' dir='ltr'>pa-</span> 
     </span>
     <span class='ocr_line' id='line_1_19' title="bbox 252 1811 2105 1888; baseline 0.002 -20"><span class='ocrx_word' id='word_1_133' title='bbox 252 1815 389 1869; x_wconf 88' lang='lat' dir='ltr'>riter</span> <span class='ocrx_word' id='word_1_134' title='bbox 435 1817 746 1888; x_wconf 86' lang='lat' dir='ltr'>spectatum</span> <span class='ocrx_word' id='word_1_135' title='bbox 778 1832 811 1869; x_wconf 90' lang='lat' dir='ltr'>a</span> <span class='ocrx_word' id='word_1_136' title='bbox 842 1811 1101 1870; x_wconf 84' lang='lat' dir='ltr'>Romano</span> <span class='ocrx_word' id='word_1_137' title='bbox 1133 1812 1423 1871; x_wconf 87' lang='lat' dir='ltr'>Pontifice.</span> <span class='ocrx_word' id='word_1_138' title='bbox 1493 1813 1654 1870; x_wconf 79' lang='lat' dir='ltr'>&#39;Palis</span> <span class='ocrx_word' id='word_1_139' title='bbox 1687 1820 1885 1872; x_wconf 84' lang='lat' dir='ltr'>coetus</span> <span class='ocrx_word' id='word_1_140' title='bbox 1913 1833 1949 1871; x_wconf 90' lang='lat' dir='ltr'>a</span> <span class='ocrx_word' id='word_1_141' title='bbox 1971 1815 2105 1872; x_wconf 79' lang='lat' dir='ltr'>Ro·-</span> 
     </span>
     <span class='ocr_line' id='line_1_20' title="bbox 252 1900 2107 1992; baseline 0.002 -36"><span class='ocrx_word' id='word_1_142' title='bbox 252 1919 414 1957; x_wconf 89' lang='lat' dir='ltr'>mano</span> <span class='ocrx_word' id='word_1_143' title='bbox 447 1900 716 1958; x_wconf 84' lang='lat' dir='ltr'>Pontifice</span> <span class='ocrx_word' id='word_1_144' title='bbox 763 1903 1053 1977; x_wconf 82' lang='lat' dir='ltr'>praecisus</span> <span class='ocrx_word' id='word_1_145' title='bbox 1099 1920 1209 1959; x_wconf 91' lang='lat' dir='ltr'>non</span> <span class='ocrx_word' id='word_1_146' title='bbox 1252 1903 1490 1977; x_wconf 89' lang='lat' dir='ltr'>amplius</span> <span class='ocrx_word' id='word_1_147' title='bbox 1537 1905 1726 1977; x_wconf 87' lang='lat' dir='ltr'>utique</span> <span class='ocrx_word' id='word_1_148' title='bbox 1774 1903 1878 1959; x_wconf 81' lang='lat' dir='ltr'>dici</span> <span class='ocrx_word' id='word_1_149' title='bbox 1922 1908 2107 1992; x_wconf 88' lang='lat' dir='ltr'>potest</span> 
     </span>
     <span class='ocr_line' id='line_1_21' title="bbox 256 1986 2104 2093; baseline 0.001 -48"><span class='ocrx_word' id='word_1_150' title='bbox 256 1986 570 2047; x_wconf 87' lang='lat' dir='ltr'>Concilium</span> <span class='ocrx_word' id='word_1_151' title='bbox 617 1992 934 2093; x_wconf 82' lang='lat' dir='ltr'>generale3</span> <span class='ocrx_word' id='word_1_152' title='bbox 991 1989 1136 2065; x_wconf 91' lang='lat' dir='ltr'>quod</span> <span class='ocrx_word' id='word_1_153' title='bbox 1181 1994 1368 2046; x_wconf 87' lang='lat' dir='ltr'>autem</span> <span class='ocrx_word' id='word_1_154' title='bbox 1415 1989 1724 2049; x_wconf 84' lang='lat' dir='ltr'>adversarii</span> <span class='ocrx_word' id='word_1_155' title='bbox 1773 2006 1848 2049; x_wconf 93' lang='lat' dir='ltr'>eo</span> <span class='ocrx_word' id='word_1_156' title='bbox 1879 1988 2104 2047; x_wconf 82' lang='lat' dir='ltr'>nomine</span> 
     </span>
     <span class='ocr_line' id='line_1_22' title="bbox 251 2078 2104 2155; baseline 0.001 -22"><span class='ocrx_word' id='word_1_157' title='bbox 251 2081 513 2155; x_wconf 87' lang='lat' dir='ltr'>utuntur,</span> <span class='ocrx_word' id='word_1_158' title='bbox 561 2095 672 2135; x_wconf 91' lang='lat' dir='ltr'>non</span> <span class='ocrx_word' id='word_1_159' title='bbox 719 2081 772 2134; x_wconf 91' lang='lat' dir='ltr'>in</span> <span class='ocrx_word' id='word_1_160' title='bbox 817 2083 1010 2135; x_wconf 91' lang='lat' dir='ltr'>nostra</span> <span class='ocrx_word' id='word_1_161' title='bbox 1057 2083 1144 2135; x_wconf 92' lang='lat' dir='ltr'>est</span> <span class='ocrx_word' id='word_1_162' title='bbox 1190 2080 1389 2154; x_wconf 84' lang='lat' dir='ltr'>culpa,</span> <span class='ocrx_word' id='word_1_163' title='bbox 1437 2078 1539 2135; x_wconf 89' lang='lat' dir='ltr'>sed</span> <span class='ocrx_word' id='word_1_164' title='bbox 1585 2081 1766 2154; x_wconf 89' lang='lat' dir='ltr'>potius</span> <span class='ocrx_word' id='word_1_165' title='bbox 1815 2097 1913 2136; x_wconf 92' lang='lat' dir='ltr'>eos</span> <span class='ocrx_word' id='word_1_166' title='bbox 1959 2081 2104 2135; x_wconf 89' lang='lat' dir='ltr'>insi-</span> 
     </span>
     <span class='ocr_line' id='line_1_23' title="bbox 251 2164 2102 2243; baseline 0.002 -22"><span class='ocrx_word' id='word_1_167' title='bbox 251 2167 495 2241; x_wconf 88' lang='lat' dir='ltr'>pientiae</span> <span class='ocrx_word' id='word_1_168' title='bbox 541 2169 749 2243; x_wconf 80' lang='lat' dir='ltr'>arguit.</span> <span class='ocrx_word' id='word_1_169' title='bbox 821 2165 1059 2224; x_wconf 35' lang='lat' dir='ltr'>Scimus-⁷</span> <span class='ocrx_word' id='word_1_170' title='bbox 1074 2168 1284 2242; x_wconf 77' lang='lat' dir='ltr'>utique,</span> <span class='ocrx_word' id='word_1_171' title='bbox 1334 2167 1507 2224; x_wconf 85' lang='lat' dir='ltr'>salvis</span> <span class='ocrx_word' id='word_1_172' title='bbox 1533 2164 1744 2224; x_wconf 83' lang='lat' dir='ltr'>Christi</span> <span class='ocrx_word' id='word_1_173' title='bbox 1773 2169 2102 2243; x_wconf 87' lang='lat' dir='ltr'>promissio·-</span> 
     </span>
     <span class='ocr_line' id='line_1_24' title="bbox 250 2254 2103 2333; baseline 0.001 -22"><span class='ocrx_word' id='word_1_174' title='bbox 250 2256 414 2311; x_wconf 90' lang='lat' dir='ltr'>nibus</span> <span class='ocrx_word' id='word_1_175' title='bbox 458 2272 559 2331; x_wconf 89' lang='lat' dir='ltr'>pro</span> <span class='ocrx_word' id='word_1_176' title='bbox 592 2254 891 2312; x_wconf 81' lang='lat' dir='ltr'>Ecclesiae</span> <span class='ocrx_word' id='word_1_177' title='bbox 925 2257 1135 2312; x_wconf 89' lang='lat' dir='ltr'>unitate</span> <span class='ocrx_word' id='word_1_178' title='bbox 1181 2255 1378 2333; x_wconf 89' lang='lat' dir='ltr'>factis,</span> <span class='ocrx_word' id='word_1_179' title='bbox 1444 2273 1589 2330; x_wconf 87' lang='lat' dir='ltr'>quae</span> <span class='ocrx_word' id='word_1_180' title='bbox 1631 2274 1770 2313; x_wconf 78' lang='lat' dir='ltr'>vero</span> <span class='ocrx_word' id='word_1_181' title='bbox 1818 2260 2103 2312; x_wconf 88' lang='lat' dir='ltr'>aeternum</span> 
     </span>
     <span class='ocr_line' id='line_1_25' title="bbox 254 2343 2105 2422; baseline 0.001 -25"><span class='ocrx_word' id='word_1_182' title='bbox 254 2343 450 2399; x_wconf 85' lang='lat' dir='ltr'>salvae</span> <span class='ocrx_word' id='word_1_183' title='bbox 495 2345 970 2418; x_wconf 87' lang='lat' dir='ltr'>inconcussaeque</span> <span class='ocrx_word' id='word_1_184' title='bbox 1016 2345 1338 2420; x_wconf 86' lang='lat' dir='ltr'>persistent,</span> <span class='ocrx_word' id='word_1_185' title='bbox 1386 2343 1506 2400; x_wconf 88' lang='lat' dir='ltr'>fieri</span> <span class='ocrx_word' id='word_1_186' title='bbox 1536 2360 1644 2401; x_wconf 87' lang='lat' dir='ltr'>non</span> <span class='ocrx_word' id='word_1_187' title='bbox 1682 2362 1873 2422; x_wconf 89' lang='lat' dir='ltr'>posse,</span> <span class='ocrx_word' id='word_1_188' title='bbox 1919 2348 1982 2401; x_wconf 89' lang='lat' dir='ltr'>ut</span> <span class='ocrx_word' id='word_1_189' title='bbox 2009 2343 2105 2400; x_wconf 88' lang='lat' dir='ltr'>vel</span> 
     </span>
     <span class='ocr_line' id='line_1_26' title="bbox 253 2426 2103 2508; baseline 0.002 -22"><span class='ocrx_word' id='word_1_190' title='bbox 253 2426 440 2505; x_wconf 89' lang='lat' dir='ltr'>Caput</span> <span class='ocrx_word' id='word_1_191' title='bbox 485 2449 521 2486; x_wconf 92' lang='lat' dir='ltr'>a</span> <span class='ocrx_word' id='word_1_192' title='bbox 565 2449 800 2506; x_wconf 89' lang='lat' dir='ltr'>corpore</span> <span class='ocrx_word' id='word_1_193' title='bbox 845 2430 1182 2504; x_wconf 78' lang='lat' dir='ltr'>Ecclesiae,</span> <span class='ocrx_word' id='word_1_194' title='bbox 1228 2433 1323 2488; x_wconf 86' lang='lat' dir='ltr'>vel</span> <span class='ocrx_word' id='word_1_195' title='bbox 1369 2430 1636 2488; x_wconf 84' lang='lat' dir='ltr'>Ecclesia</span> <span class='ocrx_word' id='word_1_196' title='bbox 1681 2452 1715 2488; x_wconf 84' lang='lat' dir='ltr'>a</span> <span class='ocrx_word' id='word_1_197' title='bbox 1753 2429 1956 2508; x_wconf 87' lang='lat' dir='ltr'>Capite</span> <span class='ocrx_word' id='word_1_198' title='bbox 2002 2451 2103 2490; x_wconf 88' lang='lat' dir='ltr'>suo</span> 
     </span>
     <span class='ocr_line' id='line_1_27' title="bbox 250 2519 2103 2595; baseline 0.002 -22"><span class='ocrx_word' id='word_1_199' title='bbox 250 2519 453 2575; x_wconf 84' lang='lat' dir='ltr'>visibili</span> <span class='ocrx_word' id='word_1_200' title='bbox 499 2519 719 2575; x_wconf 85' lang='lat' dir='ltr'>divulsa</span> <span class='ocrx_word' id='word_1_201' title='bbox 763 2520 1059 2594; x_wconf 87' lang='lat' dir='ltr'>aliquando</span> <span class='ocrx_word' id='word_1_202' title='bbox 1105 2524 1274 2593; x_wconf 78' lang='lat' dir='ltr'>atque</span> <span class='ocrx_word' id='word_1_203' title='bbox 1319 2522 1421 2576; x_wconf 92' lang='lat' dir='ltr'>sibi</span> <span class='ocrx_word' id='word_1_204' title='bbox 1468 2521 1722 2595; x_wconf 88' lang='lat' dir='ltr'>opposita</span> <span class='ocrx_word' id='word_1_205' title='bbox 1769 2522 1907 2594; x_wconf 82' lang='lat' dir='ltr'>sint3</span> <span class='ocrx_word' id='word_1_206' title='bbox 1946 2537 2103 2577; x_wconf 77' lang='lat' dir='ltr'>vcor·—</span> 
     </span>
     <span class='ocr_line' id='line_1_28' title="bbox 250 2607 2100 2685; baseline 0.002 -24"><span class='ocrx_word' id='word_1_207' title='bbox 250 2623 355 2680; x_wconf 89' lang='lat' dir='ltr'>pus</span> <span class='ocrx_word' id='word_1_208' title='bbox 402 2607 671 2681; x_wconf 89' lang='lat' dir='ltr'>siquidem</span> <span class='ocrx_word' id='word_1_209' title='bbox 730 2609 851 2664; x_wconf 86' lang='lat' dir='ltr'>sine</span> <span class='ocrx_word' id='word_1_210' title='bbox 899 2609 1079 2682; x_wconf 87' lang='lat' dir='ltr'>capite</span> <span class='ocrx_word' id='word_1_211' title='bbox 1137 2609 1353 2663; x_wconf 88' lang='lat' dir='ltr'>nonnisi</span> <span class='ocrx_word' id='word_1_212' title='bbox 1400 2610 1769 2664; x_wconf 89' lang='lat' dir='ltr'>membrorum</span> <span class='ocrx_word' id='word_1_213' title='bbox 1825 2623 2100 2685; x_wconf 81' lang='lat' dir='ltr'>compago</span> 
     </span>
     <span class='ocr_line' id='line_1_29' title="bbox 252 2695 2103 2772; baseline 0.001 -22"><span class='ocrx_word' id='word_1_214' title='bbox 252 2695 529 2769; x_wconf 89' lang='lat' dir='ltr'>acephala</span> <span class='ocrx_word' id='word_1_215' title='bbox 573 2713 641 2751; x_wconf 92' lang='lat' dir='ltr'>ac</span> <span class='ocrx_word' id='word_1_216' title='bbox 673 2696 795 2751; x_wconf 90' lang='lat' dir='ltr'>sine</span> <span class='ocrx_word' id='word_1_217' title='bbox 825 2697 962 2772; x_wconf 87' lang='lat' dir='ltr'>vita,</span> <span class='ocrx_word' id='word_1_218' title='bbox 1011 2698 1179 2770; x_wconf 84' lang='lat' dir='ltr'>eaput</span> <span class='ocrx_word' id='word_1_219' title='bbox 1206 2713 1343 2752; x_wconf 90' lang='lat' dir='ltr'>vero</span> <span class='ocrx_word' id='word_1_220' title='bbox 1379 2697 1499 2751; x_wconf 91' lang='lat' dir='ltr'>sine</span> <span class='ocrx_word' id='word_1_221' title='bbox 1534 2713 1767 2771; x_wconf 85' lang='lat' dir='ltr'>corpore</span> <span class='ocrx_word' id='word_1_222' title='bbox 1799 2701 2103 2752; x_wconf 87' lang='lat' dir='ltr'>monstrum</span> 
     </span>
     <span class='ocr_line' id='line_1_30' title="bbox 254 2781 2101 2859; baseline 0.001 -20"><span class='ocrx_word' id='word_1_223' title='bbox 254 2787 442 2855; x_wconf 87' lang='lat' dir='ltr'>esset,</span> <span class='ocrx_word' id='word_1_224' title='bbox 491 2787 828 2859; x_wconf 89' lang='lat' dir='ltr'>quapropter</span> <span class='ocrx_word' id='word_1_225' title='bbox 860 2785 993 2839; x_wconf 88' lang='lat' dir='ltr'>-sine</span> <span class='ocrx_word' id='word_1_226' title='bbox 1024 2781 1323 2859; x_wconf 87' lang='lat' dir='ltr'>Episcopis</span> <span class='ocrx_word' id='word_1_227' title='bbox 1367 2785 1420 2839; x_wconf 92' lang='lat' dir='ltr'>ei</span> <span class='ocrx_word' id='word_1_228' title='bbox 1467 2783 1898 2840; x_wconf 81' lang='lat' dir='ltr'>adhaerentibus</span> <span class='ocrx_word' id='word_1_229' title='bbox 1939 2782 2101 2841; x_wconf 86' lang='lat' dir='ltr'>Pon—</span> 
     </span>
     <span class='ocr_line' id='line_1_31' title="bbox 250 2870 2102 2949; baseline 0.002 -23"><span class='ocrx_word' id='word_1_230' title='bbox 250 2870 392 2927; x_wconf 83' lang='lat' dir='ltr'>tifex</span> <span class='ocrx_word' id='word_1_231' title='bbox 423 2870 715 2928; x_wconf 83' lang='lat' dir='ltr'>Romanus</span> <span class='ocrx_word' id='word_1_232' title='bbox 759 2889 871 2929; x_wconf 86' lang='lat' dir='ltr'>non</span> <span class='ocrx_word' id='word_1_233' title='bbox 917 2874 1052 2946; x_wconf 82' lang='lat' dir='ltr'>erit3</span> <span class='ocrx_word' id='word_1_234' title='bbox 1101 2876 1161 2928; x_wconf 92' lang='lat' dir='ltr'>et</span> <span class='ocrx_word' id='word_1_235' title='bbox 1202 2874 1293 2946; x_wconf 92' lang='lat' dir='ltr'>qui</span> <span class='ocrx_word' id='word_1_236' title='bbox 1339 2874 1443 2947; x_wconf 86' lang='lat' dir='ltr'>ipsi</span> <span class='ocrx_word' id='word_1_237' title='bbox 1489 2873 1625 2928; x_wconf 83' lang='lat' dir='ltr'>uniti</span> <span class='ocrx_word' id='word_1_238' title='bbox 1672 2877 1820 2949; x_wconf 90' lang='lat' dir='ltr'>sunt,</span> <span class='ocrx_word' id='word_1_239' title='bbox 1869 2890 1994 2928; x_wconf 90' lang='lat' dir='ltr'>cum</span> <span class='ocrx_word' id='word_1_240' title='bbox 2035 2890 2102 2930; x_wconf 87' lang='lat' dir='ltr'>eo</span> 
     </span>
     <span class='ocr_line' id='line_1_32' title="bbox 251 2957 2101 3036; baseline 0.002 -22"><span class='ocrx_word' id='word_1_241' title='bbox 251 2963 308 3014; x_wconf 89' lang='lat' dir='ltr'>et</span> <span class='ocrx_word' id='word_1_242' title='bbox 352 2961 451 3016; x_wconf 89' lang='lat' dir='ltr'>sub</span> <span class='ocrx_word' id='word_1_243' title='bbox 513 2976 582 3016; x_wconf 89' lang='lat' dir='ltr'>eo</span> <span class='ocrx_word' id='word_1_244' title='bbox 626 2958 945 3017; x_wconf 88' lang='lat' dir='ltr'>Ecclesiam</span> <span class='ocrx_word' id='word_1_245' title='bbox 1002 2958 1459 3036; x_wconf 67' lang='lat' dir='ltr'>repraesentant,</span> <span class='ocrx_word' id='word_1_246' title='bbox 1518 2964 1614 3018; x_wconf 84' lang='lat' dir='ltr'>ast</span> <span class='ocrx_word' id='word_1_247' title='bbox 1671 2960 1761 3036; x_wconf 88' lang='lat' dir='ltr'>qui</span> <span class='ocrx_word' id='word_1_248' title='bbox 1820 2980 1855 3018; x_wconf 88' lang='lat' dir='ltr'>a</span> <span class='ocrx_word' id='word_1_249' title='bbox 1900 2957 2101 3035; x_wconf 85' lang='lat' dir='ltr'>Capite</span> 
     </span>
     <span class='ocr_line' id='line_1_33' title="bbox 253 3045 2101 3126; baseline 0.002 -25"><span class='ocrx_word' id='word_1_250' title='bbox 253 3050 499 3123; x_wconf 87' lang='lat' dir='ltr'>separati</span> <span class='ocrx_word' id='word_1_251' title='bbox 533 3053 680 3126; x_wconf 87' lang='lat' dir='ltr'>sunt,</span> <span class='ocrx_word' id='word_1_252' title='bbox 729 3050 1078 3124; x_wconf 83' lang='lat' dir='ltr'>quantumvis</span> <span class='ocrx_word' id='word_1_253' title='bbox 1107 3050 1411 3125; x_wconf 89' lang='lat' dir='ltr'>numerosi,</span> <span class='ocrx_word' id='word_1_254' title='bbox 1459 3045 1672 3106; x_wconf 88' lang='lat' dir='ltr'>Christi</span> <span class='ocrx_word' id='word_1_255' title='bbox 1703 3049 2101 3123; x_wconf 77' lang='lat' dir='ltr'>promissiones</span> 
     </span>
     <span class='ocr_line' id='line_1_34' title="bbox 248 3132 2096 3214; baseline 0.001 -23"><span class='ocrx_word' id='word_1_256' title='bbox 248 3153 358 3192; x_wconf 87' lang='lat' dir='ltr'>non</span> <span class='ocrx_word' id='word_1_257' title='bbox 405 3137 641 3211; x_wconf 83' lang='lat' dir='ltr'>amplius</span> <span class='ocrx_word' id='word_1_258' title='bbox 689 3139 790 3193; x_wconf 91' lang='lat' dir='ltr'>sibi</span> <span class='ocrx_word' id='word_1_259' title='bbox 834 3137 1072 3214; x_wconf 87' lang='lat' dir='ltr'>habent,</span> <span class='ocrx_word' id='word_1_260' title='bbox 1134 3155 1277 3212; x_wconf 89' lang='lat' dir='ltr'>quae</span> <span class='ocrx_word' id='word_1_261' title='bbox 1323 3138 1539 3194; x_wconf 88' lang='lat' dir='ltr'>nonnisi</span> <span class='ocrx_word' id='word_1_262' title='bbox 1590 3138 1758 3192; x_wconf 82' lang='lat' dir='ltr'>unitis</span> <span class='ocrx_word' id='word_1_263' title='bbox 1800 3147 1932 3192; x_wconf 84' lang='lat' dir='ltr'>cum</span> <span class='ocrx_word' id='word_1_264' title='bbox 1971 3132 2096 3192; x_wconf 87' lang='lat' dir='ltr'>Ca-</span> 
     </span>
     <span class='ocr_line' id='line_1_35' title="bbox 251 3224 2100 3299; baseline 0.001 -21"><span class='ocrx_word' id='word_1_265' title='bbox 251 3225 364 3297; x_wconf 89' lang='lat' dir='ltr'>pite</span> <span class='ocrx_word' id='word_1_266' title='bbox 411 3226 520 3280; x_wconf 87' lang='lat' dir='ltr'>sint</span> <span class='ocrx_word' id='word_1_267' title='bbox 567 3224 784 3299; x_wconf 82' lang='lat' dir='ltr'>factae3</span> <span class='ocrx_word' id='word_1_268' title='bbox 831 3243 955 3282; x_wconf 92' lang='lat' dir='ltr'>cum</span> <span class='ocrx_word' id='word_1_269' title='bbox 986 3231 1172 3282; x_wconf 85' lang='lat' dir='ltr'>tamen</span> <span class='ocrx_word' id='word_1_270' title='bbox 1204 3243 1278 3282; x_wconf 89' lang='lat' dir='ltr'>ex</span> <span class='ocrx_word' id='word_1_271' title='bbox 1309 3225 1757 3282; x_wconf 82' lang='lat' dir='ltr'>adversariorum</span> <span class='ocrx_word' id='word_1_272' title='bbox 1787 3228 2100 3280; x_wconf 83' lang='lat' dir='ltr'>monstrosa</span> 
     </span>
     <span class='ocr_line' id='line_1_36' title="bbox 252 3310 2097 3389; baseline 0.001 -23"><span class='ocrx_word' id='word_1_273' title='bbox 252 3311 511 3385; x_wconf 89' lang='lat' dir='ltr'>opinandi</span> <span class='ocrx_word' id='word_1_274' title='bbox 567 3313 792 3369; x_wconf 87' lang='lat' dir='ltr'>licentia</span> <span class='ocrx_word' id='word_1_275' title='bbox 814 3353 834 3384; x_wconf 88' lang='lat'>,</span> <span class='ocrx_word' id='word_1_276' title='bbox 906 3331 1051 3388; x_wconf 87' lang='lat' dir='ltr'>quae</span> <span class='ocrx_word' id='word_1_277' title='bbox 1108 3310 1455 3387; x_wconf 76' lang='lat' dir='ltr'>nequaquam</span> <span class='ocrx_word' id='word_1_278' title='bbox 1513 3315 1668 3369; x_wconf 87' lang='lat' dir='ltr'>nobis</span> <span class='ocrx_word' id='word_1_279' title='bbox 1729 3310 1929 3387; x_wconf 88' lang='lat' dir='ltr'>culpae</span> <span class='ocrx_word' id='word_1_280' title='bbox 1990 3319 2097 3389; x_wconf 90' lang='lat' dir='ltr'>est,</span> 
     </span>
     <span class='ocr_line' id='line_1_37' title="bbox 251 3395 2096 3477; baseline 0.002 -24"><span class='ocrx_word' id='word_1_281' title='bbox 251 3399 638 3456; x_wconf 85' lang='lat' dir='ltr'>schismatibus</span> <span class='ocrx_word' id='word_1_282' title='bbox 670 3405 950 3457; x_wconf 85' lang='lat' dir='ltr'>sternatur</span> <span class='ocrx_word' id='word_1_283' title='bbox 980 3404 1116 3477; x_wconf 85' lang='lat' dir='ltr'>via,</span> <span class='ocrx_word' id='word_1_284' title='bbox 1162 3399 1477 3458; x_wconf 84' lang='lat' dir='ltr'>obedientia</span> <span class='ocrx_word' id='word_1_285' title='bbox 1506 3395 1717 3458; x_wconf 83' lang='lat' dir='ltr'>Christi</span> <span class='ocrx_word' id='word_1_286' title='bbox 1747 3402 1956 3456; x_wconf 86' lang='lat' dir='ltr'>vicario</span> <span class='ocrx_word' id='word_1_287' title='bbox 1989 3400 2096 3456; x_wconf 91' lang='lat' dir='ltr'>de—</span> 
     </span>
     <span class='ocr_line' id='line_1_38' title="bbox 252 3488 2098 3563; baseline 0 -17"><span class='ocrx_word' id='word_1_288' title='bbox 252 3488 365 3546; x_wconf 85' lang='lat' dir='ltr'>bita</span> <span class='ocrx_word' id='word_1_289' title='bbox 410 3488 713 3545; x_wconf 83' lang='lat' dir='ltr'>suffocetur</span> <span class='ocrx_word' id='word_1_290' title='bbox 723 3528 749 3560; x_wconf 81' lang='grc'>,</span> <span class='ocrx_word' id='word_1_291' title='bbox 805 3493 861 3544; x_wconf 89' lang='lat' dir='ltr'>et</span> <span class='ocrx_word' id='word_1_292' title='bbox 903 3490 1376 3563; x_wconf 81' lang='lat' dir='ltr'>perturbatoribus</span> <span class='ocrx_word' id='word_1_293' title='bbox 1423 3489 1583 3546; x_wconf 86' lang='lat' dir='ltr'>detur</span> <span class='ocrx_word' id='word_1_294' title='bbox 1630 3507 1768 3546; x_wconf 85' lang='lat' dir='ltr'>ansa</span> <span class='ocrx_word' id='word_1_295' title='bbox 1811 3489 2098 3546; x_wconf 89' lang='lat' dir='ltr'>molestias</span> 
     </span>
    </p>
   </div>
  </div>
 </body>
</html>
