2326 3854
890 156 1552 212 ——242—

283 327 545 380 Disciplinae
583 328 784 368 materies
822 328 1044 369 mutationi
1085 327 1289 376 obnoxia;
1337 331 1381 369 et
1414 331 1614 381 quantum
1653 327 1869 382 discrepet
1905 341 1931 370 a
1961 334 2138 373 materia

344 388 459 492 (geli.
507 382 601 431 155.
673 389 771 429 Νοιι
805 399 968 440 semper
998 389 1174 429 mutatio
1207 389 1452 443 disciplinae
1491 389 1545 429 ad
1578 389 1910 430 destructionem
1949 391 2136 433 refer-tur.

283 509 515 562 Disciplina
546 519 749 548 canonum
781 487 1046 559 antiquorum
1088 520 1182 548 num
1214 508 1271 548 sit
1311 508 1562 553 rwevocanda
1613 503 1712 551 198.
1772 509 1894 550 Νιιιιι
1925 508 2044 561 huJus
2077 523 2140 550 re-

342 570 511 610 stitutio
543 568 737 609 facienda
766 568 825 607 sit
858 568 911 608 ob
945 568 1155 609 tollendos
1186 569 1356 610 abusus.
1395 569 1474 611 lbi.
1546 568 1626 609 Ad
1641 569 1792 610 bonum
1823 569 2044 611 Ecclesiae
2075 583 2142 610 re-

342 629 558 671 ferendum
588 629 747 679 majora
777 628 886 668 mala
917 631 961 669 et
990 629 1190 670 scandala
1220 629 1440 681 impedire.
1478 622 1580 673 199.
1642 630 1772 671 Vetus
1801 629 2028 683 disciplina
2058 631 2139 671 etsi

342 691 514 740 melior,
546 700 628 728 non
659 688 820 729 idcirco
853 689 1015 740 obligat
1045 690 1098 729 ad
1132 701 1223 730 eam
1254 688 1549 732 revocandam.
1584 684 1688 732 202.

281 748 561 803 Dispensandi
591 751 785 800 potestas
817 749 860 789 in
893 750 1069 790 materia
1101 749 1351 801 disciplinae
1383 753 1573 793 statutae
1605 750 1836 791 canonibus
1869 750 2140 801 conciliorum

271 805 274 808 ’
344 811 472 851 etiam
502 810 762 860 generalium
791 809 995 850 Romanis
1026 809 1305 851 Pontificibus
1338 811 1484 861 negari
1514 822 1598 850 non
1630 814 1787 863 potest.
1827 805 1901 851 45.
1963 812 2048 852 Cur
2078 812 2141 851 di-

340 870 636 922 spensationes
667 881 752 910 non
783 870 953 922 passim,
984 881 1062 910 nec
1087 871 1186 911 sine
1210 871 1330 922 justa
1361 882 1490 910 causa
1519 870 1937 915 sintcoucedendae.
1971 867 2043 914 46.
2067 867 2138 916 47.

340 926 415 973 49.
452 924 562 972 177.
617 931 710 974 Quo
737 931 834 981 jure
865 929 920 970 ad
951 930 996 970 id
1029 942 1194 982 quoque
1225 931 1468 982 obligentur
1487 931 1632 972 summi
1651 930 1895 975 Pontifices.
1928 926 2003 972 47.
2049 933 2140 972 Cri-

341 990 547 1090 minatio,t
561 989 778 1091 quaifihac
809 990 852 1032 in
885 1003 931 1032 re
960 991 1182 1034 multorum
1204 991 1304 1032 odio
1326 992 1502 1044 exponit
1529 992 1826 1033 auctoritatem
1842 992 2137 1045 Apostolicam‚

342 1062 527 1104 expungi
551 1063 612 1094 ur.
709 1070 737 1093 .-

278 1187 501 1251 Ecclesia
520 1220 600 1261 quo
622 1221 748 1249 sensu
767 1208 904 1250 claves
923 1209 1104 1262 accepit.
1120 1203 1165 1248 8.
1182 1203 1224 1251 9.
1274 1211 1377 1250 Cum
1392 1209 1534 1250 claves
1551 1209 1751 1251 dicuntur
1768 1209 1893 1250 datae
1903 1208 2140 1259 Ecclesiae,

340 1268 451 1308 haud
470 1269 723 1310 credendum
741 1272 822 1319 est,
835 1270 955 1310 laicis
975 1271 1041 1310 vel
1057 1270 1299 1310 mulieribus
1314 1271 1454 1311 datam
1463 1274 1718 1322 potestatem
1736 1271 1927 1314 clavium.
1949 1264 2145 1317 10.160.,

278 1329 468 1370 Ennodii
499 1329 740 1374 Ticiue'nsis
773 1329 1060 1383 testimonium
1091 1330 1133 1369 in
1167 1341 1294 1369 causa
1326 1330 1561 1383 Symmachi
1594 1330 1749 1383 Papae.
1783 1325 1853 1371 75.

278 1390 583 1442 Episcoporum
609 1384 878 1440 jurisdictio,
928 1389 1030 1429 licet
1067 1389 1111 1429 in
1144 1383 1326 1442 origine
1347 1391 1405 1429 sit
1444 1389 1727 1430 institutionis
1750 1390 1950 1439 divinae,
2000 1390 2139 1443 quoad

339 1462 456 1490 usum
486 1452 626 1489 tamen
660 1453 702 1490 et
735 1449 984 1490 exercitium
1016 1448 1260 1490 facultatum
1283 1449 1602 1502 Episcopalium
1621 1450 1766 1492 subest
1796 1451 2004 1504 potestati
2030 1463 2140 1491 sum-

340 1522 497 1550 morum
530 1509 792 1555 Pontificum.
835 1504 907 1549 22.
981 1510 1128 1550 Potest
1161 1510 1214 1549 ab
1245 1510 1350 1562 ipsis
1380 1510 1590 1551 moderari
1623 1514 1666 1551 et
1697 1510 1896 1562 restringi
1930 1511 2051 1562 justa
2086 1510 2139 1550 de

342 1582 485 1610 causa.
518 1565 591 1613 22.
625 1564 700 1610 27.
745 1572 950 1623 quatenus
982 1569 1025 1609 id
1059 1570 1322 1610 referendum
1355 1570 1408 1610 ad
1439 1571 1655 1611 materiem
1687 1568 1947 1624 disciplinae.
1988 1565 2062 1613 27.
2097 1582 2138 1613 ιι.

346 1627 412 1670 16.
452 1629 703 1682 Explicatur
733 1633 877 1670 textus
910 1630 1037 1672 Sicut
1067 1631 1186 1671 misit
1215 1643 1282 1671 me
1313 1631 1456 1683 Pater,
1489 1635 1531 1673 et
1561 1643 1638 1682 ego
1671 1632 1794 1673 mitto
1824 1644 1901 1672 vos
1931 1644 1982 1672 eo
2014 1643 2139 1671 sensu

341 1691 577 1743 oppositus,
610 1691 727 1742 quasi
742 1691 946 1744 Episcopi
978 1691 1089 1731 nulla
1112 1691 1380 1732 restrictione
1403 1691 1646 1733 facultatum
1673 1691 1868 1734 mittendi
1901 1692 1999 1745 sint,
2030 1693 2141 1732 sicut

340 1751 454 1791 nulla
485 1751 565 1792 fuit
605 1752 820 1792 restrictio
854 1752 897 1792 in
929 1754 1146 1804 potestate
1177 1752 1486 1804 Apostolorum.
1531 1748 1603 1795 21.
1642 1756 1730 1795 not.
1760 1749 1800 1796 l.
1863 1752 2044 1804 Antiqua
2074 1764 2141 1793 re-

340 1812 607 1852 strictionum
641 1812 843 1864 exempla.
876 1807 948 1853 21.
982 1824 1023 1854 ιι.
1045 1808 1114 1854 12.
1147 1806 1222 1853 25.
1277 1814 1487 1857 Quantum
1519 1813 1563 1853 in
1594 1813 1678 1854 hoc
1709 1813 1938 1854 detulerint
1954 1808 2149 1854 Africani

307 1916 309 1918 ,
341 1873 591 1913 auctoritati
610 1873 894 1926 Apostolicae.
926 1867 1001 1918 25.
1036 1868 1108 1917 26.
1155 1873 1361 1926 Episcopi
1393 1873 1594 1915 suberant
1627 1875 1756 1916 etiam
1778 1873 2022 1915 limitationi
2044 1885 2141 1915 con-

340 1933 531 1974 ciliorum
563 1933 890 2002 particularium.
922 1928 995 1976 29.
2136 1932 2148 1943 ι

279 1993 484 2046 Episcopi
517 2005 750 2097 ριιὲῗιοιιιιιι
781 1993 911 2034 etiam
942 1993 1203 2035 saeculorum
1235 1997 1435 2046 quantum
1466 1994 1718 2036 Pontificiae
1757 1994 2007 2036 auctoritati
2043 1995 2141 2035 sub-

343 2057 500 2096 essent.

279 2113 482 2167 Episcopi
514 2114 780 2154 subordinati
810 2112 954 2167 Papae
996 2114 1060 2154 ita
1101 2116 1148 2154 ut
1188 2112 1294 2154 nihil
1326 2115 1424 2166 jure
1455 2113 1622 2168 possint
1654 2114 1735 2155 nisi
1778 2114 1822 2156 in
1852 2115 2018 2156 unitate
2049 2127 2139 2155 cum

342 2174 445 2213 sede
478 2174 738 2227 Apostofica,
772 2186 855 2215 non
886 2177 1027 2214 autem
1059 2177 1208 2214 contra
1241 2173 1458 2214 unitatem.
1497 2169 1564 2216 19.
1611 2175 1658 2218 V.
1695 2173 2020 2223 Subordinatio.

280 2233 485 2286 Episcopi
519 2234 726 2287 quomodo
758 2235 800 2275 in
834 2235 1027 2283 conciliis
1059 2233 1326 2294 generalibus
1359 2235 1444 2274 sint
1478 2235 1568 2276 veri
1595 2234 1773 2287 judices,
1805 2235 1907 2276 licet
1937 2248 1964 2276 a
1986 2235 2141 2276 defini-

342 2295 529 2334 tionibus
560 2294 660 2335 fidei
693 2298 794 2335 ante
827 2287 1048 2345 concilium
1080 2293 1210 2334 editis
1243 2284 1488 2335 discordare
1521 2307 1603 2335 non
1634 2296 1814 2349 possint.
1847 2291 1921 2344 32.
1981 2295 2141 2344 Judicis

343 2355 454 2394 ratio
487 2367 572 2395 ιιοιι
604 2355 739 2407 exigit
770 2354 822 2394 ab
853 2354 1097 2408 Episcopo,
1141 2357 1190 2395 ut
1219 2355 1357 2408 possit
1388 2355 1618 2396 dissentire
1658 2368 1685 2396 a
1716 2355 1963 2397 definitione
1995 2357 2141 2398 Ponti-

342 2415 459 2463 ficis3
509 2418 552 2456 et
595 2419 803 2468 quatenus
842 2427 989 2456 verum
1019 2415 1225 2467 judicium
1266 2415 1431 2456 feratur
1469 2416 1522 2456 ab
1565 2428 1616 2456 eo
1655 2417 1751 2482 qui
1766 2416 1892 2481 debet
1927 2415 2139 2459 assentiri.

343 2472 415 2518 34.
447 2444 523 2519 35.

282 2534 485 2589 Episcopi
518 2547 599 2576 non
630 2534 804 2588 propter
835 2535 902 2584 se,
933 2536 1010 2577 sed
1042 2538 1216 2588 propter
1231 2532 1442 2577 subditos
1475 2550 1501 2577 a
1510 2535 1621 2586 De'o
1653 2523 1910 2598 praepositi3
1949 2541 1996 2577 ut
2026 2537 2142 2577 utili-

346 2595 445 2644 tati,
479 2598 548 2636 vel
569 2594 837 2646 necessitati
855 2596 1033 2636 istorum
1065 2595 1322 2639 inserviant.
1350 2592 1451 2640 179.
1499 2625 1502 2629 -

282 2655 501 2708 Eugenius
515 2657 582 2699 IV.
614 2668 697 2696 ιιοιι
729 2655 981 2710 approbavit
1013 2655 1186 2696 decreta
1207 2656 1552 2720 Constantiensia
1581 2657 1744 2697 inserta
1773 2655 1908 2717 gestis
1926 2628 2139 2697 Basileen-

345 2717 476 2759 sibus.
514 2711 615 2756 103.

284 2775 674 2818 Excommunicatio
707 2787 804 2815 num
833 2758 1067 2829 aliquando
1090 2787 1174 2816 non
1206 2767 1263 2816 sit
1293 2760 1414 2816 actus
1439 2746 1774 2828 jurisdictionis.
1807 2770 1911 2817 209.
1981 2776 2140 2818 Distin-

347 2838 433 2878 ctio
466 2838 580 2878 inter
610 2835 1065 2876 excommunicationes
1093 2836 1202 2886 latas
1231 2849 1258 2877 a
1289 2837 1427 2890 Papa,
1461 2835 1529 2877 vel
1561 2836 1614 2893 ab
1646 2835 1993 2891 Episcopis.1bi

286 2899 607 2953 Exemptionum
640 2896 879 2949 privilegia.
912 2891 986 2939 24.
1024 2891 1124 2940 181.

286 3030 515 3094 Γθὺιοιιίἰ
548 3063 653 3106 opus
686 3052 751 3093 De
780 3056 902 3094 statu
934 3052 1156 3095 Ecclesiae
1186 3057 1269 3096 etc.
1281 3071 1285 3074 ·
1309 3057 1510 3105 quantum
1541 3051 1737 3093 detrahat
1775 3053 2140 3106 legitimae-pote-

348 3115 451 3155 stati
472 3114 752 3154 Romanorum
774 3113 1024 3155 Pontificum
1055 3115 1099 3154 in
1131 3114 1375 3154 decidendis
1407 3114 1712 3154 controversiis
1740 3107 1992 3157 fider-,148
2037 3114 2140 3155 Ver-

347 3176 412 3216 bis
452 3173 718 3226 aliquatenus
759 3174 988 3215 concordat
1027 3186 1120 3215 cum
1162 3186 1263 3214 sana
1295 3175 1509 3222 doctrina,
1558 3186 1606 3214 re
1627 3172 1730 3226 ipsa
1760 3172 2014 3216 discordat.
2040 3169 2139 3215 149.

346 3235 548 3276 Deterior
578 3237 679 3287 ejus
694 3235 926 3287 sententia,
959 3247 1081 3287 quam
1111 3231 1287 3275 aliorum
1319 3229 1619 3275 catholicorum
1650 3233 2001 3276 adversariorum.
2038 3228 2138 3277 151.

349 3291 579 3336 Primatum
617 3296 720 3335 meri
761 3295 950 3336 honoris
973 3298 1018 3335 et
1047 3295 1220 3336 ordinis
1259 3295 1449 3336 videtur
1471 3294 1721 3336 admittere-³
1746 3287 1860 3333 154.
1909 3296 2140 3338 Quantum

350 3357 619 3408 Apostolicae
649 3356 895 3397 auctoritati
927 3355 1124 3396 detrahat
1154 3356 1197 3395 in
1229 3355 1420 3396 materiis
1454 3354 1736 3408 disciplinae.
1733 3347 1851 3397 155.
1913 3351 2018 3407 EJ’us
2049 3355 2139 3394 fun-

350 3415 609 3467 damentum,
654 3428 736 3469 quo
767 3416 870 3456 vult>
890 3417 1076 3457 eamdem
1115 3419 1375 3470 potestatem
1416 3413 1829 3456 esserevocandam
1871 3414 1924 3455 ad
1954 3424 2139 3455 normam

348 3476 614 3526 antiquorum
645 3488 873 3524 canonum.
898 3489 1021 3528 quam
1051 3477 1109 3518 sit
1137 3474 1366 3520 infit-murus
1393 3470 1519 3516 160:
1552 3474 1660 3525 Ejus
1692 3475 1920 3532 molimina,
1939 3478 2000 3515 ‘ut
2030 3476 2140 3515 anti-

350 3548 432 3588 qua
462 3536 711 3577 Pontificum
743 3540 866 3588 gesta
895 3540 981 3578 tum
1013 3537 1056 3577 in
1073 3537 1318 3585 Occidente,
1351 3539 1437 3577 tum
1469 3535 1512 3576 in
1533 3535 1711 3576 Oriente
1741 3534 1967 3576 subtrahat
1993 3547 2019 3575 a
2044 3536 2140 3587 Jure
