2326 3854
675 248 1319 307 *225*

90 425 234 469 nocet
270 414 551 481 Febronio‚
600 416 695 469 uisi
732 416 942 488 probare
978 415 1139 488 possit
1183 415 1380 468 decreta
1428 431 1459 466 a
1502 413 1622 465 solis
1659 413 1896 468 Patribus

87 502 218 555 edita
254 502 361 555 sine
401 519 646 555 consensu
682 500 870 573 Papae,
907 503 988 557 vel
1025 510 1200 556 contra
1237 502 1344 572 ejus
1381 499 1706 564 sententiam,
1743 519 1896 568 gene-

85 588 207 639 ralis
263 587 443 658 synodi
495 587 596 641 vim
653 586 905 653 obtinere,
958 587 1212 659 ipsumque
1248 584 1439 656 Papam
1494 585 1640 637 etiam
1687 584 1896 640 invitum

84 690 173 743 per
210 690 266 724 se
303 690 499 742 cogere.
572 671 699 725 Dico
727 675 834 741 per
871 678 927 725 se
963 690 1182 741 coyere3
1235 670 1278 722 si
1315 671 1429 739 quid
1466 671 1595 723 enim
1632 668 1894 741 aliquando

84 757 345 827 exigeret,
401 767 456 809 ut
488 757 540 808 in
578 757 862 826 quibusdam
899 756 1113 826 negotiis
1159 755 1448 827 disciplinae
1483 755 1622 828 Papa
1662 758 1786 810 sese
1807 756 1894 810 vac-

83 843 414 895 commodaret
449 842 728 895 sententiae
775 841 1122 913 plurimorum,
1168 860 1232 894 ne
1280 845 1527 895 scissurae
1565 852 1616 895 et
1661 842 1895 895 scandala

83 929 454 993 excitarentur3
501 928 550 979 id
598 946 698 980 non
749 926 1043 980 auctoritati·
1081 925 1288 979 Patrum
1338 928 1533 981 concilii
1579 928 1894 981 tribuendum

82 1022 234 1080 esset,
271 1014 358 1066 sed
393 1013 464 1065 illi
501 1013 666 1066 altiori
701 1013 867 1067 divino
918 1021 970 1065 et
1010 1012 1230 1065 'naturali
1259 1014 1391 1084 juri,
1442 1011 1807 1082 quo‘scissuris
1845 1023 1896 1066 et

81 1098 328 1150 scandalis
363 1097 557 1152 obviam
592 1098 668 1150 ire
723 1099 873 1151 etiam
921 1098 1029 1169 ipse
1076 1116 1293 1150 summus
1330 1097 1573 1151 Pontifex
1619 1100 1893 1170 obligatur:

83 1201 174 1235 nec
207 1193 391 1247 tamen,
432 1183 476 1235 si
510 1201 566 1236 se
598 1183 692 1236 bac
729 1184 789 1237 de
824 1186 974 1236 causa
1000 1184 1392 1236 accommodaret
1427 1183 1746 1254 plurimorum
1774 1203 1889 1237 sen-

82 1268 293 1332 tentiae,
323 1286 566 1322 assensus
602 1271 705 1339 ejus
744 1268 991 1321 sufficiens
1028 1269 1246 1331 deesset,
1295 1285 1364 1319 ex
1402 1286 1496 1337 quo
1534 1268 1734 1321 decreta
1773 1288 1890 1322 con-

83 1354 181 1405 cilii
215 1354 312 1424 ipsi
351 1360 555 1422 'quoque
603 1361 773 1406 essent
818 1353 1094 1406 tribuenda.
1186 1351 1315 1405 Hinc
1352 1353 1396 1404 si
1451 1354 1890 1408 conciliorum‘de-

80 1448 217 1491 creta
255 1438 386 1490 edita
429 1439 662 1509 leguntur
706 1457 807 1491 non
843 1437 1040 1509 Papae,
1097 1439 1181 1491 sed
1232 1438 1426 1492 concilii
1462 1441 1764 1493 oecumenici
1800 1459 1892 1494 no-

78 1524 236 1591 mine,
274 1524 397 1575 nibil
432 1525 602 1590 obest3
651 1542 758 1576 cum
795 1524 994 1577 nomine
1030 1524 1278 1595 generalis
1316 1524 1510 1577 concilii
1546 1543 1646 1578 non
1684 1525 1893 1598 Episco-

80 1627 249 1679 porum
286 1618 504 1674 tantum,
558 1628 651 1663 nec
698 1609 856 1662 solius
889 1609 1063 1682 Papae
1103 1610 1409 1680 intelligatur
1456 1611 1756 1677 auctoritas,
1805 1613 1892 1665 sed

77 1693 432 1766 Episcoporum
470 1695 641 1748 saltem
687 1694 906 1766 plurium·
948 1704 999 1748 et
1031 1693 1204 1767 Papae
1251 1696 1303 1748 in
1349 1696 1553 1749 eandem
1590 1698 1890 1750 sententiam

79 1797 380 1844 consensuS‚
441 1798 529 1833 seu
589 1780 674 1850 (ut
721 1778 851 1832 Galli
879 1781 1174 1835 ‘adversarii
1223 1780 1476 1852 explicare
1523 1782 1718 1854 solent)
1772 1801 1891 1836 con-

79 1883 255 1918 sensus
293 1865 513 1936 corporis
549 1864 904 1937 Episcoporum
953 1885 1060 1919 cum
1110 1866 1284 1938 capite.
1357 1865 1487 1920 Hinc
1533 1868 1726 1936 quando
1765 1867 1886 1919 Tri-

79 1949 280 2002 dentina
317 1951 537 2021 synodus
575 1951 788 2005 abolevit
833 1953 1068 2021 quaedam
1115 1953 1346 2005 mandata
1382 1951 1707 2023 Apostolica‚
1753 1971 1891 2005 men-

77 2036 201 2087 tales
236 2036 624 2100 reservationeS,
663 2053 892 2088 accessus
929 2046 980 2088 et
1016 2054 1262 2101 recessuS‚
1301 2037 1399 2105 qui
1419 2056 1479 2089 eo
1519 2055 1642 2092 aevo
1681 2035 1711 2090 a
1749 2036 1887 2089 Pon-

75 2119 285 2172 tificibus
348 2121 779 2184 concedebantur,
841 2121 1170 2191 coadjutorias
1191 2154 1218 2186 ,-
1272 2122 1353 2175 vel
1426 2122 1520 2174 alia
1594 2118 1886 2193 hujusmodi,

78 2215 517 2276 exemptorumque
554 2203 814 2275 privilegia
848 2205 900 2257 in
939 2206 1128 2275 aliquot
1165 2207 1405 2279 capitibus
1441 2208 1742 2275 restrinxit3
1783 2227 1890 2261 cum

76 2291 197 2342 haec
234 2288 374 2361 Papa
410 2289 714 2362 assentiente
749 2291 879 2343 facta
915 2291 1115 2355 fuerint,
1151 2292 1260 2360 quis
1299 2293 1555 2344 concilium
1583 2294 1887 2346 >exercuisse

76 2392 224 2444 supra
259 2373 450 2445 Papam
479 2374 872 2445 jurisdictionem
909 2376 1199 2428 concludat?
1245 2374 1364 2428 Non
1403 2376 1614 2429 absimili
1651 2377 1887 2446 aequivo-

77 2460 270 2511 catione
318 2461 592 2512 Ecclesiae
640 2460 866 2525 nomine,
918 2461 1044 2529 quod
1094 2459 1395 2514 Tridentina
1443 2463 1663 2533 synodus
1712 2464 1886 2517 alicubi

76 2544 299 2608 adhibet,
337 2543 616 2597 Febronius
654 2546 900 2610 abutitur,
939 2564 1053 2598 cum·
1082 2545 1310 2599 Ecclesia
1359 2559 1668 2600 memoratur
1705 2549 1755 2600 in
1794 2550 1872 2612 iis,

75 2647 198 2698 quae
246 2630 503 2683 facultates
540 2629 830 2684 Pontificias
876 2641 1116 2700 tangunt,
1173 2651 1230 2685 ac
1278 2633 1321 2684 si
1366 2633 1477 2686 hinc
1527 2634 1761 2705 probetur
1803 2638 1888 2705 jus

75 2714 374 2779 coactivum,
430 2733 519 2768 seu
565 2717 764 2787 proprie
820 2716 948 2770 dicta
988 2716 1267 2786 jurisdictio
1317 2737 1465 2790 supra
1513 2719 1701 2791 Papam
1750 2731 1800 2772 et
1835 2721 1887 2771 in

75 2800 334 2852 facultates
372 2798 678 2853 Pontificias.

900 2975 946 3041 ἕ.
986 2973 1054 3029 v.

242 3073 305 3112 De
333 3071 883 3126 potestate'iurisdicte'onis
913 3077 1218 3128 distinguenda
1250 3092 1275 3119 a
1305 3069 1513 3131 potestate
1542 3080 1720 3121 ordinis.

216 3155 596 3212 Distinctionem
647 3161 768 3230 apud
817 3160 1105 3232 Theologos
1160 3164 1428 3217 solemnem
1483 3166 1614 3217 inter
1663 3174 1883 3234 potesta—

76 3250 173 3293 tem
212 3243 397 3295 ordinis
436 3254 485 3296 et
512 3245 871 3314 jurisdictionis
909 3237 1200 3318 perstringit
1237 3247 1280 3300 F
1284 3250 1515 3302 ebronius
1572 3268 1613 3301 c.
1656 3251 1705 3303 7.
1745 3251 1790 3316 ἕ.
1835 3251 1881 3312 l,

78 3344 126 3376 n.
166 3326 217 3378 9.
260 3325 327 3396 (t.
367 3329 416 3380 2.
465 3328 576 3400 pag.
616 3330 717 3393 53.
793 3330 973 3384 Licere
1020 3334 1210 3402 quidem
1258 3335 1327 3386 ait
1373 3336 1676 3405 distinguere
1713 3337 1883 3403 dupli-

77 3430 186 3462 cem
218 3408 530 3478 potestatem
568 3417 907 3484 Episcopalis
946 3422 1116 3487 officii
1160 3418 1210 3468 in
1260 3437 1366 3470 eam
1417 3438 1540 3488 quae
1579 3429 1656 3471 est
1696 3420 1882 3472 ordinis

79 3505 128 3546 et
177 3513 300 3562 quae
332 3496 716 3564 jurisdictionis:
763 3511 813 3554 at
859 3521 944 3553 eas
998 3503 1212 3557 dividere
1249 3509 1403 3571 wefas
1452 3526 1561 3557 esse
1614 3505 1881 3566 contendit,

136 3586 181 3619 P.
214 3587 362 3621 Baller.
396 3588 443 3622 de
474 3589 675 3624 Potestate
707 3595 779 3627 etc.
1473 3591 1537 3641 15
