2326 3854
709 246 1307 302 *83—

102 411 356 462 indirecte
382 407 660 478 tantu111¹)‚
700 409 1032 461 subtrahendo
1072 408 1257 460 scilicet
1278 406 1495 459 subditos
1534 407 1593 458 ab
1633 407 1910 460 obedientia

102 493 274 565 Papae
311 493 459 546 etiam
498 493 638 558 certi,
677 497 724 545 si
760 501 894 551 esset
917 496 1254 554 criminosus,
1293 500 1343 545 et
1377 493 1769 548 scandalizaret
1806 495 1907 545 Ec—

101 582 331 640 clesiam,
369 586 420 630 et
443 580 818 647 incorriyibilis
844 586 992 644 esset,
1029 579 1311 631 inhibendo
1337 578 1570 629 omnibus
1597 584 1649 628 et
1671 579 1908 646 sinyulis,

102 673 162 716 ut
192 666 367 717 nullas
404 665 640 714 obediret
675 662 761 715 vel
803 667 1026 715 serviret
1061 664 1249 731 Papae
1261 682 1278 724 ,⁶
1328 665 1466 716 uncle
1503 664 1907 731 compelleretur

102 751 304 802 cedere.
389 745 532 799 Hanc
586 765 707 801 vero
756 747 1052 800 sententiam
1106 748 1231 805 idem
1282 746 1566 799 Gallicanus
1616 745 1908 817 Theologus

100 850 200 885 uon
249 832 471 885 absolute
525 831 817 894 decidend0‚
875 833 961 885 sed
1007 833 1172 903 potius
1230 832 1518 901 inquirendo
1570 842 1620 884 et
1665 832 1910 903 opinando

98 917 265 989 paucis
315 915 572 970 indicavit:
624 918 902 986 nullumque
952 918 1095 970 alium
1147 921 1330 988 (quem.
1356 916 1608 986 noverim)
1661 918 1740 970 vel
1777 918 1909 969 inter

101 1001 267 1054 Gallos
305 1003 365 1053 ob
403 999 647 1054 Bonifacii
684 1012 827 1072 gesta
849 1003 895 1069 2)
934 1004 1057 1056 male
1096 1003 1339 1057 animatos
1377 1003 1755 1071 suffragatorem
1790 1011 1907 1055 tunc

99 1087 284 1140 habuit.
371 1085 488 1139 Non
537 1088 750 1140 defuisse
795 1088 987 1157 quidem
1039 1087 1170 1140 inter
1206 1086 1492 1139 Gallicanos
1540 1087 1679 1157 hujus
1718 1103 1909 1156 quoque

98 1173 332 1244 temporis
371 1171 685 1243 Theologos‚
735 1173 815 1241 qui
853 1171 1098 1240 antiquam
1148 1174 1379 1224 tenerent
1414 1170 1713 1224 sententiam
1752 1172 1910 1239 quoad

100 1259 257 1329 ipsum
293 1258 525 1329 generale
574 1257 826 1310 concilium
838 1291 864 1320 5
901 1257 1053 1326 liquet
1099 1256 1230 1310 inter
1279 1265 1447 1308 cetera
1485 1273 1553 1307 ex
1573 1255 1619 1323 ὃ)
1675 1257 1909 1326 opusculo

100 1354 320 1414 tempore
358 1342 570 1412 ejusdem
610 1341 797 1393 dissidii
834 1341 1044 1412 scripto,
1083 1341 1165 1393 ubi
1202 1350 1374 1393 auctor
1419 1340 1585 1409 utique
1623 1338 1911 1393 Gallicanus

102 1439 272 1500 aperte
307 1428 558 1498 professus
597 1435 692 1492 cst,
729 1424 1079 1477 Pontificatum
1121 1444 1150 1477 a
1188 1427 1319 1478 nullo
1359 1425 1556 1477 homine
1582 1443 1728 1495 posse
1766 1426 1911 1477 adimi

103 1531 288 1569 summo
330 1510 582 1574 Pontifici,
632 1510 747 1579 quia
797 1527 967 1562 omnes
1009 1510 1165 1572 ⁴etiam
1211 1511 1371 1564 coacti
1419 1511 1470 1562 in
1509 1507 1733 1563 Concilio
1772 1510 1911 1581 Papa

101 1598 362 1650 inferiores
409 1605 532 1647 sunt.
629 1592 711 1645 En
766 1595 872 1665 ipsa
927 1593 1057 1646 illius
1110 1597 1294 1660 verba,
1352 1614 1475 1665 quae
1530 1595 1581 1647 in
1638 1606 1910 1647 memorato

101 1682 330 1753 opusculo
368 1681 597 1750 leguntur
637 1699 760 1750 pay.
798 1679 922 1732 453.
1003 1681 1241 1733 Summus
1293 1682 1599 1734 Hierarcha
1639 1682 1910 1735 Romanus

90 1769 367 1835 ,Pontifex
415 1767 660 1834 superior
710 1772 787 1823 est
844 1766 1110 1825 omnibus,
1168 1769 1281 1834 ipse
1328 1786 1481 1819 verus
1521 1767 1805 1834 praelatus
1863 1775 1913 1819 et

97 1860 285 1921 pastor
345 1859 422 1903 est
470 1851 741 1901 Dominici
790 1853 969 1919 yreyis
1018 1858 1110 1902 etc.
1216 1852 1557 1904 Subditorum
1618 1851 1909 1904 subtractio

98 1940 245 1990 nullo
284 1938 438 1988 modo·
477 1938 623 1987 cadit
655 1938 708 1987 in
747 1955 995 1987 summum
1022 1937 1395 1997 Hierarclzam,
1431 1957 1528 1989 nec
1548 1938 1802 2004 possibile
1830 1945 1911 1996 est

93 2042 196 2091 per
244 2023 500 2074 hominem
550 2020 650 2072 sibi
694 2021 934 2072 subtrahi
976 2022 1252 2081 subditos,’
1293 2026 1540 2091 quoniam
1587 2042 1693 2073 non
1757 2024 1915 2076 habet

88 2110 423 2175 ‘superiorem
472 2108 525 2156 in
575 2107 762 2167 terris-,-
827 2109 923 2157 sed
969 2109 1133 2157 onmis
1182 2110 1358 2159 anima
1407 2108 1506 2159 sibi
1557 2108 1766 2160 subdita
1818 2117 1910 2170 est,

102 2198 311 2263 ejusque
348 2210 506 2243 curae
545 2192 843 2255 com-missa,
890 2210 1057 2259 neque
1096 2211 1128 2242 a
1166 2195 1414 2260 quopiam
1435 2179 1687 2263 judicari
1712 2180 1910 2262 potest}

103 2279 442 2347 secl-cunctos
462 2278 806 2347 judicaturus
844 2297 877 2327 a
923 2280 1124 2327 nemine
1145 2262 1498 2345 ‘judicandus'
1526 2285 1637 2338 est,
1685 2283 1790 2338 nisi
1825 2282 1908 2331 de-

96 2361 462 2429 prehendatur
513 2381 546 2411 a
590 2363 696 2429 fide
742 2363 946 2412 devius:
1009 2367 1061 2411 et
1107 2361 1239 2411 Ilaec
1284 2365 1632 2429 superioritas
1681 2383 1787 2414 non
1836 2372 1915 2416 est

107 2449 330 2498 humano
364 2448 676 2514 privileyio,
714 2449 809 2497 sed
844 2448 1050 2505 divino,
1088 2465 1119 2496 a
1159 2464 1261 2513 quo
1302 2453 1378 2497 est
1413 2450 1697 2507 institutio,
1736 2456 1787 2500 et
1821 2453 1912 2518 qui

101 2674 201 2713 pore
230 2661 460 2701 schismatis
491 2663 626 2714 paullo
666 2665 759 2713 post
798 2661 1049 2701 memorandi
1090 2660 1192 2700 duos
1224 2660 1275 2699 de
1317 2665 1469 2713 papatu
1510 2665 1806 2705 contendentes
1838 2667 1908 2705 de-

103 2720 311 2770 ponendos
343 2724 599 2766 censuerunt,
629 2721 733 2760 hanc
763 2722 842 2760 sibi
873 2722 1121 2772 potestatem
1153 2719 1376 2775 attribuere
1408 2733 1547 2761 ausum
1580 2728 1655 2775 est,
1688 2725 1761 2763 sed
1792 2726 1832 2764 in
1866 2727 1907 2764 id

103 2778 333 2827 generalem
363 2780 559 2829 synodum
589 2780 699 2818 Pisis
728 2780 1029 2819 convocandam
1063 2779 1236 2818 censuit.

229 2831 264 2884 ¹)
296 2835 534 2876 Subtractio
567 2837 827 2876 obedientiae
859 2850 884 2876 a
913 2839 1051 2888 Papa,
1093 2849 1172 2876 non
1205 2841 1339 2875 tamen
1366 2837 1472 2887 juris
1504 2839 1635 2886 certi,
1674 2841 1749 2879 sed
1780 2840 1908 2891 dubii,

103 2898 148 2932 ut
179 2895 219 2932 in
251 2893 524 2932 obscurissimi
555 2895 781 2933 schismatis
813 2896 1129 2934 circumstantiis
1160 2896 1336 2946 accidit,
1379 2896 1448 2934 ina
1480 2897 1547 2935 via
1579 2901 1664 2943 est,
1706 2911 1823 2948 quam
1854 2900 1906 2939 ad

103 2953 229 3002 ipsum
273 2952 448 2991 schisma
489 2953 750 2991 auferendum
789 2954 881 2992 Rex
923 2953 1082 2993 Gauiae
1134 2953 1251 2992 duxit
1293 2955 1569 3004 recipiendam
1621 2955 1660 2994 in
1702 2961 1904 3002 conventu

103 3011 325 3050 parisiensi
358 3023 423 3050 an.
459 3011 587 3052 1398.
618 3011 721 3051 Vide
752 3015 850 3053 tom.
886 3013 954 3053 15.
986 3011 1141 3050 Concil.
1171 3012 1272 3052 Ven.
1306 3012 1405 3050 edit.
1437 3014 1569 3053 Coleti
1600 3013 1680 3055 col.
1715 3017 1846 3057 1072.

223 3065 260 3118 2)
294 3069 402 3107 Nihil
433 3070 571 3119 itaque
604 3070 757 3116 mirum,
789 3070 824 3108 si
855 3070 929 3108 sub
961 3070 1076 3120 hujus
1106 3069 1337 3120 gravissimi
1370 3071 1529 3110 dissidii
1562 3076 1744 3124 tempus,
1778 3075 1907 3113 Gaui-

103 3127 215 3170 canis
245 3128 286 3165 in
317 3127 567 3166 Bonifacium
600 3129 700 3167 VIII.
741 3128 844 3166 male
874 3128 1090 3176 animatis,
1131 3129 1237 3167 sicut
1268 3128 1421 3166 semina
1441 3135 1594 3179 sparsa
1624 3131 1810 3178 suerunt,
1853 3144 1905 3171 ex

104 3185 246 3235 quibus
276 3185 536 3226 subsecutum
567 3187 932 3237 pertinacissimum
972 3199 1021 3225 ac
1062 3186 1278 3225 exitiosum
1320 3186 1495 3225 schisma
1537 3187 1737 3238 originem
1768 3188 1906 3237 duxit3

107 3245 166 3282 ita
193 3243 394 3294 principia
425 3246 622 3296 quaedam
653 3245 891 3284 auctoritati
913 3245 1176 3296 Apostolicae
1207 3245 1336 3283 minus
1369 3245 1638 3295 obsequentia
1667 3248 1775 3298 apud
1807 3261 1905 3288 non-

102 3302 232 3340 nullos
264 3303 403 3341 Gallos
445 3305 576 3343 audiri
621 3308 865 3354 coeperunt,
906 3305 966 3343 uti
1006 3306 1100 3341 sunt
1140 3302 1211 3340 illa
1248 3303 1416 3342 Joannis
1447 3303 1711 3351 Parisiensis,
1753 3310 1794 3346 et
1823 3308 1905 3347 alia

105 3359 292 3399 nonnulla
321 3361 500 3400 Durandi
530 3363 727 3413 Episcopi
760 3363 1026 3402 Mimatensis.

223 3414 260 3468 ³)
290 3419 398 3458 Huic
429 3423 620 3470 opusculo
652 3421 795 3461 titulus
829 3425 912 3461 est:
977 3422 1205 3467 Rationes,
1250 3431 1300 3459 ear
1331 3421 1482 3470 quibus
1522 3423 1748 3472 probatur,
1792 3425 1903 3475 quod

110 3476 352 3545 Bpnifacius
381 3479 565 3527 legitime
594 3480 762 3530 ingredi
793 3491 878 3519 non
910 3480 1049 3530 potuit
1083 3479 1311 3521 eoelestino
1343 3479 1519 3519 vivente.

1427 3547 1559 3618 .6*
