2326 3854
1018 131 1631 202 ---38—'

401 330 522 366 ve1o
573 323 749 366 cout1a
802 312 1071 375 unitatem,
1131 309 1538 382 quemadmodum
1587 295 1742 362 statui
1795 327 1901 409 cap.
1944 311 2006 363 l.
2061 331 2111 364 n.
2155 311 2241 365 11.

402 397 542 457 Haec
579 417 650 452 ex
687 397 980 470 praemissis
1019 404 1178 448 certa.

547 486 600 539 8
661 483 788 539 Cum
829 482 1109 537 adversarii
1144 481 1244 536 vim
1283 492 1334 536 et
1372 483 1724 536 auctoritatem
1763 483 1816 535 in
1843 501 2086 537 summum
2112 484 2253 539 Pon-

401 556 584 625 tificem
632 572 861 624 tribuunt
910 562 1285 622 definitionibus
1327 570 1467 635 fidei,
1517 588 1640 639 quas
1677 567 1916 642 Episcopi
1957 573 2253 646 congregati

402 658 455 710 in
500 658 729 729 generali
768 655 978 728 Synodo
1018 666 1136 710 ante
1176 657 1479 711 sententiam
1517 656 1675 728 ipsius
1713 655 1978 711 Pontificis
2017 659 2251 726 ederent3

402 744 585 800 idcirco
652 743 911 809 tribuunt,
987 743 1106 814 quia
1171 754 1346 797 censet
1398 743 1682 814 dogmatica
1737 744 1981 817 ejusmodi
2034 746 2254 812 decreta,

401 829 604 883 tametsi
650 828 922 884 Pontificio
954 829 1195 900 suffragio
1235 829 1489 895 carentia,
1527 849 1652 892 vere
1689 848 1804 884 esse
1843 842 1893 885 et
1927 831 2030 886 vim
2069 832 2255 887 habere

400 904 742 969 decretorum·
768 917 969 971 concilii
1019 915 1347 970 oecumenici.
1423 914 1500 968 At
1538 916 1663 970 haec
1700 917 1922 988 ipsorum
1946 919 2254 991 hypothesis

399 1001 672 1055 falsissima
721 1011 816 1057 est.
896 1002 1176 1059 Concilium
1227 1002 1361 1055 enim
1397 1021 1520 1056 vere
1559 1003 1959 1070 oecumenicum,
2015 1007 2148 1075 quod
2184 1025 2251 1060 ex

398 1097 509 1170 tota
544 1086 780 1143 Ecclesia
819 1100 1176 1155 convocatum,
1228 1098 1579 1160 repraesentat
1608 1089 1914 1146 'universam
1951 1090 2253 1158 Ecclesiam,

402 1194 503 1229 non
543 1187 624 1228 ex‘
650 1176 772 1231 solis
809 1176 1074 1232 Ecclesiae
1110 1175 1376 1248 Episcopis
1414 1186 1646 1243 constat,
1692 1177 1779 1230 sed
1819 1179 2040 1250 ejusdem
2077 1177 2255 1234 Eccle-

399 1260 505 1320 siae
555 1259 749 1335 Caput,
816 1263 1103 1317 Romanum
1147 1263 1478 1329 Antistitem,
1543 1264 1782 1334 requirit,
1846 1264 1990 1335 idque
2041 1276 2142 1320 non'
2192 1267 2254 1320 ob

399 1365 591 1403 meram
626 1351 733 1420 ejus
764 1351 1082 1413 *materialem
1116 1350 1487 1423 praesentiam,
1526 1343 1617 1403 sed
1639 1350 1906 1423 praecipue
1933 1352 1994 1404 ob
2021 1352 2255 1405 directio-

397 1452 515 1487 nem
560 1446 612 1488 et
661 1438 1047 1503 auctoritatem,
1098 1457 1226 1508 quae
1277 1437 1388 1491 sine
1426 1455 1640 1490 assensu
1678 1447 1729 1490 et
1763 1437 1815 1491 vi
1854 1439 2082 1492 coactiva
2121 1441 2255 1511 ejus-

397 1522 508 1575 dem
546 1522 761 1595 intelligi
799 1525 990 1594 nequit.
1067 1523 1201 1578 Vide
1250 1543 1378 1594 quae
1425 1524 1479 1577 in
1529 1524 1660 1576 hanc
1704 1542 1814 1593 rem
1851 1524 2254 1579 animadverten-

399 1618 482 1661 tur
519 1618 630 1681 cap.
670 1611 724 1665 4.
767 1611 811 1678 §.-
851 1612 937 1676 2„
986 1629 1080 1665 nec
1117 1629 1220 1662 non
1258 1611 1483 1663 addenda
1522 1626 1630 1681 cap.
1670 1609 1723 1662 6.
1764 1610 1811 1678 ἓ.
1853 1611 1887 1663 2
1927 1620 1978 1664 et
2011 1611 2069 1665 3.-
2141 1610 2254 1666 Hac

397 1694 458 1747 de
509 1713 662 1749 causa
711 1696 841 1749 sicut
878 1696 1133 1768 generalis
1173 1695 1372 1750 concilii
1409 1693 1747 1749 definitionem
1785 1714 1886 1749 non
1925 1697 2256 1752 constitueret

397 1783 705 1852 praecedens
740 1771 915 1840 *solius
959 1781 1136 1855 Papae
1185 1782 1466 1848 sententia,
1517 1782 1616 1857 nisi
1652 1781 2019 1855 Episcoporum
2060 1805 2254 1856 quoque

398 1868 647 1939 suffragia
684 1887 794 1942 cum
831 1870 990 1941 ipsius
1029 1862 1319 1924 definitione
1359 1869 1726 1940 jungerentur3
1781 1870 1855 1922 ita
1901 1889 1995 1925 nce
2038 1871 2253 1926 istorum

399 1973 613 2008 concors,
649 1955 767 2009 licet
802 1957 1062 2010 decretum
1100 1954 1435 2026 dogmaticum
1476 1965 1601 2008 ante
1632 1954 1896 2010 pontilicis
1934 1959 2254 2030 approbatio-

401 2061 511 2095 nem
563 2042 748 2096 editum
801 2043 1164 2097 sufficeretzad
1203 2042 1605 2096 constituendum
1642 2043 1846 2116 proprie
1883 2045 2068 2110 dictum
2106 2064 2251 2100 oecu-

400 2128 581 2182 menici
628 2126 845 2185 Concilii
883 2129 1151 2206 judicium,
1201 2124 1339 2199 'quod
1385 2148 1454 2183 ex
1503 2130 1742 2185 concordi
1788 2130 2154 2203 Episcoporum
2202 2142 2254 2185 et

399 2215 576 2287 capitis
605 2215 795 2288 judicio
836 2217 1100 2282 coalescit,
1152 2227 1202 2270 et
1251 2215 1353 2271 vim
1392 2204 1609 2287 ejusdem
1648 2218 1849 2290 synodi·
1870 2219 2126 2291 propriam
2164 2219 2253 2272 ob-

398 2301 543 2355 tinet.
597 2300 754 2357 Certe
791 2304 836 2356 si
872 2304 923 2356 in
963 2304 1191 2357 materia·
1213 2303 1504 2374 disciplinae
1538 2305 1742 2359 decreta
1777 2308 2116 2378 cujuscunque
2153 2308 2254 2360 fre·

400 2389 763 2458 quentissimae
801 2392 1014 2463 synodi,
1073 2391 1250 2461 quibus
1297 2390 1428 2444 desit
1464 2388 1736 2445 Pontificia
1772 2393 2095 2464 approbatio,
2151 2393 2254 2447 vim

399 2495 502 2529 nou
538 2479 820 2532 habuerunt
858 2498 954 2532 nec
989 2479 1175 2532 habere
1207 2487 1444 2550 poterant
1468 2478 1727 2549 generalis
1755 2478 1980 2543 concilii,
2017 2497 2111 2532 nec
2136 2486 2254 2532 coe-

399 2574 611 2634 gerunt,
658 2584 753 2618 noc
799 2584 986 2636 cogere
1030 2574 1270 2634 poterant
1316 2583 1561 2618 summum
1603 2563 1930 2627 Pontificem,
1959 2558 2064 2616 uti·
2090 2565 2251 2637 capite

400 2660 580 2719 quarto
629 2651 925 2722 probabitur
972 2651 1150 2717 latius,
1207 2651 1421 2723 idipsum
1465 2638 1626 2704 multo
1674 2651 1836 2723 magis
1886 2652 2145 2704 dicendum
2192 2653 2252 2706 de

400 2737 746 2791 sanctionibus
785 2739 838 2791 in
875 2739 1090 2796 materia
1127 2738 1271 2804 fidei,
1309 2738 1363 2790 in
1402 2757 1500 2808 qua
1536 2730 1738 2792 fidesa
1767 2734 1982 2793 Concilii
2009 2736 2251 2793 Patribus

399 2825 628 2891 definita,
681 2826 781 2879 nisi
829 2826 1148 2882 concordiam
1195 2826 1451 2897 praeferat
1499 2844 1609 2878 cum
1655 2826 1749 2879 fide
1799 2844 2149 2879 successorum
2191 2824 2248 2880 S.

401 2910 572 2979 Petri,
612 2913 786 2983 nequit
823 2913 921 2967 dici
957 2913 1045 2965 illa
1076 2921 1241 2982 petra
1277 2910 1569 2977 Ecclesiae,
1610 2915 1738 2982 quae
1774 2912 1829 2965 in
1866 2911 2132 2967 Romanae
2169 2915 2251 2966 sne-

400 2998 475 3051 dis
509 3000 604 3052 fide
644 3019 673 3051 a
712 2997 918 3053 Christo
958 3000 1258 3064 constituta,
1298 3009 1377 3052 est
1410 2999 1786 3052 fundamentum
1810 2999 1948 3064 illud,
1989 2998 2068 3052 cui
2091 3009 2249 3052 totam

401 3084 682 3139 Ecclesiam
733 3087 1010 3141 adhaerere
1061 3098 1111 3140 et
1159 3088 1449 3143 incumbere
1497 3095 1707 3140 necesse
1755 3095 1861 3150 est,
1917 3095 1973 3137 ut
2018 3085 2071 3137 in
2119 3085 2247 3138 libro

402 3174 489 3227 Dc
538 3177 592 3226 vi
633 3168 900 3245 primatus
950 3174 1309 3229 demonstravi.
1386 3173 1588 3246 Negari
1637 3171 1835 3242 quidem
1873 3171 2071 3241 nequit,
2130 3173 2248 3242 quin

401 3258 666 3357 Episcopis
702 3260 756 3313 in
793 3260 1023 3332 generali
1061 3260 1271 3332 concilio
1309 3258 1658 3334 definientibus
1697 3257 1966 3311 conveniat
1990 3258 2108 3311 illud
2131 3277 2248 3330 pro-

402 3347 557 3398 latum
595 3347 647 3398 in
674 3345 1142 3418 Hierosolymitan'a
1177 3346 1399 3419 synodo.
1454 3345 1629 3403 Visum
1670 3352 1749 3398 est
1790 3346 2024 3413 Spiritui
2061 3353 2245 3413 sancto

403 3440 454 3484 ct
477 3434 628 3485 nobis
657 3431 806 3502 (Act.
837 3433 1020 3503 Apost.
1054 3435 1138 3489 15
1168 3434 1253 3488 28.
1260 3433 1309 3503 ),
1338 3442 1390 3484 at
1415 3431 1504 3488 id·
1489 3431 1613 3502 ipsis
1642 3448 1743 3485 non
1772 3432 2025 3506 convenit,
2067 3432 2167 3485 nisi
2191 3431 2244 3484 in
