2326 3854
923 226 1088 262 XXVII

111 380 345 457 laudari,
391 383 558 454 inquit
601 377 768 435 Card.
802 379 869 435 de
900 378 1098 452 Byssy
1143 379 1196 433 in
1238 375 1600 431 Instructione
1643 374 1908 447 pastorali

112 471 378 544 impressa
429 467 657 523 Parisiis
716 467 934 540 1722„
984 463 1094 521 'non
1151 465 1394 538 protinus
1450 478 1574 516 eum
1617 476 1717 533 pro
1764 476 1905 531 quo-

112 557 256 629 piam
284 556 489 628 primae
536 553 727 608 classis
758 551 1052 625 Theologo
1098 551 1391 624 acciperet,
1439 551 1594 618 cujus
1640 547 1909 600 sententia

117 640 485 696 venerabilem
512 638 739 692 haberet
781 639 835 691 in
859 635 1117 691 Ecclesia
1162 629 1548 691 autoritatem?
1607 630 1684 686 Et
1725 635 1908 685 tamen

114 725 386 798 Espenius
441 724 536 778 ille
594 740 700 778 non
754 727 859 798 est,
917 723 1020 776 nisi
1057 723 1201 792 juris
1253 722 1480 796 perituS,
1526 719 1910 793 principiorum

114 828 280 866 sanae
323 810 599 865 doctrinae
629 826 819 882 parum
862 825 1105 883 gnaruS,
1143 824 1301 879 quem
1348 807 1569 861 factioni
1598 803 1910 860 Ecclesiam

111 897 271 952 hodie
315 896 548 950 turbanti
577 894 845 950 mordicus
891 894 1210 948 adhaesisse
1250 908 1408 947 nemo
1439 894 1676 966 ignorat.
1744 889 1911 944 Liber

114 982 250 1037 adeo
295 982 435 1057 ipse,
483 982 571 1054 qui
613 983 766 1037 nobis
801 982 889 1035 hic
923 981 1171 1049 objicitur
1219 974 1602 1056 [Tractatus
1647 978 1720 1030 cle
1756 990 1909 1048 pro-

113 1066 478 1140 m-ulyatione
531 1062 771 1144 layum)
832 1083 971 1121 anno
1031 1065 1320 1138 primulum
1378 1061 1563 1120 1712.
1623 1064 1675 1116 in
1733 1061 1912 1116 lucem

113 1153 349 1229 prodiit,
398 1169 463 1208 eo
498 1154 679 1226 utique
713 1153 960 1221 consilio,
1007 1156 1065 1206 ut
1111 1146 1568 1205 constitutionem
1617 1146 1911 1219 Uniqeni-

117 1245 234 1310 tus,
278 1256 434 1312 quam
465 1242 590 1293 tunc
619 1237 835 1294 Romae
867 1237 990 1293 cudi
1030 1239 1237 1292 sciebat
1265 1239 1444 1311 autor,
1484 1237 1538 1289 in
1569 1238 1910 1290 antecessum

114 1324 424 1381 infirmaret.
488 1322 553 1379 'In
584 1325 689 1380 hoc
718 1328 954 1380 tractatu
997 1324 1428 1380 lucubrationum
1474 1337 1505 1376 e
1550 1321 1912 1376 novaturien-

115 1413 246 1466 tium
283 1409 498 1466 officina
539 1410 916 1484 prodeuntium
963 1411 1247 1464 character
1278 1410 1456 1463 statim
1502 1406 1842 1483 dignoscitur
1884 1423 1913 1466 e

116 1496 291 1552 studio
322 1497 600 1574 palpabili,
630 1495 887 1554 invidiam
919 1495 1184 1552 conflandi
1215 1493 1441 1551 Summo
1471 1492 1720 1550 Pontifici
1754 1495 1913 1562 ejus-

117 1600 219 1655 que
263 1585 606 1638 autoritatem
649 1586 703 1639 in
749 1587 1076 1639 contemtum
1120 1576 1490 1637 adducendi-‘⁶

243 1667 386 1723 Dein
409 1667 656 1742 Espenii
701 1669 815 1735 fata
859 1671 1120 1725 concinne
1165 1669 1467 1742 depingunt
1495 1662 1915 1722 Cameracensis

120 1757 174 1808 et
201 1752 1054 1829 EbredunensisArchiepiscopi
1083 1757 1136 1809 in
1160 1754 1520 1827 pastoralibus
1552 1754 1666 1808 suis
1693 1749 1914 1806 Instru-

119 1841 414 1914 ctionibuS,
481 1858 612 1913 quas
657 1858 796 1896 anno
847 1841 1032 1898 1731.
1091 1841 1296 1915 gallico
1348 1838 1604 1895 idiomate
1650 1838 1916 1899 adversus

117 1923 269 1980 illum
321 1925 575 2002 edidere,
621 1943 845 1999 quorum
895 1927 1044 2002 prior
1094 1944 1229 2001 pag.
1266 1925 1368 1982 39.
1455 1922 1600 2001 „Ad
1645 1925 1916 1979 constitum

119 2011 291 2084 enda,
337 2012 535 2087 inquit,
579 2029 725 2068 nova
767 2013 922 2068 istius
962 2015 1149 2067 sectae
1192 2010 1392 2087 placita
1437 2011 1799 2085 quadraginta
1839 2010 1915 2064 illi

118 2095 430 2172 Jurisperiti
471 2099 608 2153 nihil
658 2099 1000 2173 protulerunt
1051 2097 1154 2153 nisi
1195 2100 1433 2153 maxime
1487 2097 1682 2152 famosi
1723 2095 1916 2169 Espe-

118 2184 224 2258 nii,
279 2183 651 2244 Jansenianae
695 2187 836 2259 parti
881 2186 1269 2253 contumaciter
1313 2182 1511 2260 dediti,
1557 2188 1917 2240 contemnen—

121 2268 245 2323 dum
287 2286 510 2342 nomen3
556 2274 710 2341 quus
755 2273 979 2345 scripta,
1026 2288 1166 2343 quae
1212 2272 1484 2326 erroribus
1529 2273 1760 2347 scatent,
1806 2284 1919 2343 pu-

121 2353 261 2407 blica
304 2357 590 2411 autoritate
634 2358 937 2430 proscripta
982 2361 1136 2412 sunt:
1192 2358 1283 2428 qui
1330 2359 1480 2430 ipse,
1538 2357 1654 2410 lata
1697 2360 1920 2428 propter

124 2437 344 2494 eosdem
375 2457 591 2496 errores
622 2444 890 2497 sententia
917 2459 1016 2515 per
1041 2440 1470 2497 Universitatem
1491 2439 1918 2515 Lovaniens'em,

120 2523 446 2612 professoris
490 2543 714 2582 munere
773 2532 969 2582 exutus
1014 2531 1174 2600 atque
1222 2528 1485 2601 expulsus
1544 2532 1601 2582 et
1644 2546 1678 2582 a
1721 2543 1919 2582 sacer-

123 2609 404 2666 dotalibus>
433 2628 642 2685 quoque
688 2630 986 2686 suspensus
1031 2613 1254 2689 officiiS,
1313 2630 1475 2686 quum
1519 2613 1664 2688 apud
1707 2612 1920 2689 Belgas

122 2696 414 2752 catholicos
458 2700 679 2769 asylum
722 2716 828 2755 non
874 2699 1106 2774 amplius
1158 2700 1402 2754 invenire
1449 2700 1750 2776 potuisset,
1811 2717 1919 2756 ne-

123 2784 379 2838 cessitate
421 2787 776 2856 constrictus,
829 2786 934 2841 hoc
979 2786 1118 2841 inter
1163 2803 1293 2841 suos
1337 2784 1647 2848 haereticos
1695 2788 1920 2859 quaeri-

122 2868 277 2942 tavit,
321 2867 410 2923 ubi
456 2872 618 2925 etiam
661 2888 789 2928 mox
832 2873 887 2926 in
917 2873 1128 2945 publico
1161 2869 1485 2948 schismate,
1541 2874 1680 2946 quod
1718 2873 1921 2928 defen-

124 2953 355 3009 dendum
400 2956 454 3007 in
500 2972 560 3009 se
607 2962 958 3033 susceperat,
1017 2961 1076 3013 et'
1118 2961 1173 3013 in
1219 2962 1441 3035 errore,
1498 2975 1682 3033 aquo
1716 2955 1923 3014 ‘abduci

123 3041 406 3116 noluerat,
452 3042 684 3096 animam
729 3041 1097 3116 exspiravit.“‘
1702 3043 1704 3045 '
1868 3064 1871 3068 ·

171 3136 173 3138 ’
228 3126 413 3182 <Alter
455 3142 622 3184 vero:
692 3125 1021 3203 „Espenius
1060 3125 1375 3184 ‘canonista‘
1413 3130 1698 3204 belgicuS,
1755 3128 1923 3201 inquit

125 3228 256 3286 pag.
281 3213 343 3282 6.
387 3217 540 3283 cujus
580 3212 709 3268 late
739 3213 955 3273 famosa,
994 3216 1257 3269 memoria
1298 3230 1398 3287 per
1438 3215 1737 3275 catholicos
1779 3213 1924 3269 Bel—-

128 3314 230 3370 gas
273 3298 555 3354 horror-em
599 3300 895 3376 dispergit,
933 3299 1283 3355 Jansenianis
1327 3300 1567 3373 partibus
1615 3305 1669 3355 et
1709 3302 1922 3357 errori-—

127 3383 663 3441 bus-addictissimus
696 3385 808 3441 ⁸est
851 3387 1084 3442 assecla.
1175 3384 1335 3442 Anno
1373 3385 1567 3443 1725»
1607 3388 1925 3461 opusculum

130 3469 478 3540 epistolarum
501 3469 674 3528 forma
698 3474 1050 3546 compositum
1074 3472 1402 3548 dlvulgavit,
1429 3472 1567 3545 quod
1593 3472 1731 3530 adeo
1754 3475 1924 3548 ipsius
