2326 3854
1064 108 1677 168 *ww

442 283 524 327 aut
565 283 743 328 contra
780 293 892 329 eum
933 276 994 329 ab
1033 274 1358 328 inferioribus
1407 276 1668 329 ferendum
1697 275 1964 348 judicium,
2013 260 2101 331 sed
2139 278 2292 331 meris

443 361 742 417 caritativae
781 362 1112 416 correctionis
1150 361 1470 415 suasionibus
1497 381 1606 416 cum
1645 359 1755 435 ipso
1794 362 2039 435 agendum
2077 364 2294 437 scripse-

442 449 509 502 rit
546 448 737 521 (Epist.
777 448 901 502 ⁶233.
944 449 1004 501 ad
1041 447 1315 503 Henricum
1353 447 1687 522 Abbatem.)=
1749 451 1892 511 Quia
1928 453 2164 504 verenda
2194 471 2291 520 pa-

441 540 540 590 tris
586 538 830 589 debemus
875 539 1061 604 potius
1109 539 1292 590 velare
1339 556 1500 607 quam
1544 540 1782 600 nudare3
1825 537 2194 606 familiaribus
2245 545 2296 591 et

440 627 725 683 caritatem
762 619 1146 677 redolentibus*
1167 626 1362 677 litteris
1399 627 1767 678 admonendus
1804 626 1938 677 mihi
1973 626 2202 686 videtur,
2238 633 2296 677 ut

441 730 496 763 se
529 712 774 782 judicet,
830 717 926 763 aut
963 714 1172 779 factum
1212 732 1363 766 suum
1412 721 1685 767 retractet.
1783 713 1945 773 Quod
1990 714 2038 764 si
2078 714 2294 780 fecerit,

440 801 739 865 referamus
777 797 902 849 Deo
935 802 1173 867 ,qratia-3,
1212 819 1278 852 ac
1311 803 1553 870 qaudeat
1586 801 1861 853 nobiscum
1898 802 2067 851 omnis
2108 799 2292 851 Eccle-

440 886 540 948 sia,
579 902 716 952 quae
751 888 993 952 yraviter
1033 887 1279 956 lanyuet,
1327 889 1452 939 dum
1508 894 1674 956 caput
1719 892 1833 959 ejus
1883 888 2102 940 laborat
2144 892 2294 938 tanta

440 972 702 1022 molestia.
788 971 852 1022 Si
888 978 1062 1025 autem
1110 975 1166 1025 in
1218 973 1320 1025 hoc
1369 974 1634 1044 languore
1684 974 2058 1026 insanabiliter
2108 991 2294 1042 acyro-

439 1060 650 1118 taverit,
676 1057 850 1109 NON
864 1059 1023 1110 EST
1037 1059 1309 1117 NOSTR
1324 1060 1441 1112 UM
1456 1059 1859 1113 JUDJCARE
1873 1061 1988 1112 DE
2010 1059 2298 1112 SUMMO

443 1143 889 1197 PONTIFICE.
987 1146 1260 1201 Habemus
1322 1151 1459 1200 enim
1520 1150 1908 1219 EvanyeZicam
1966 1149 2297 1206 sententiam,

440 1251 577 1301 quae
615 1251 832 1285 securos
873 1233 971 1284 hos
1011 1230 1107 1303 (al.
1147 1232 1276 1306 nos)
1309 1238 1475 1303 facit.-
1539 1237 1718 1305 Super
1756 1237 2079 1289 cathedram
2118 1235 2300 1306 Moysi

439 1322 697 1372 sederunt
746 1319 972 1372 Scribae
1024 1328 1078 1373 et
1123 1321 1433 1375 Pharisaei.
1531 1324 1683 1384 Quae
1737 1326 1950 1387 dicunt,
1998 1329 2208 1375 servate
2249 1328 2300 1373 et

434 1409 630 1475 facite:
684 1408 973 1459 secundum
1009 1426 1137 1460 vero
1176 1427 1348 1478 opera
1398 1429 1580 1463 eorum
1628 1412 1797 1463 nolite
1835 1414 2028 1479 facere
2077 1406 2294 1480 (Matth.

440 1492 582 1564 23..)
676 1493 803 1546 Vult
849 1498 986 1546 enim
1035 1496 1171 1548 haec
1219 1501 1483 1550 sententia
1521 1505 1828 1568 praecepta
1867 1498 2298 1567 praesidentium

442 1584 516 1633 ad
553 1583 872 1634 cathedram
904 1584 1237 1649 pertinentia
1288 1586 1598 1637 obedienter
1636 1587 1855 1654 impleri
1896 1586 2126 1648 (etiamsi
2162 1584 2298 1635 tales

441 1670 564 1729 sint,
602 1669 790 1738 quales
830 1675 987 1720 erant
1014 1668 1330 1735 Pharisaei)
1367 1691 1475 1724 non
1503 1691 1593 1725 eos
1626 1675 1868 1741 factiosa
1894 1673 2298 1739 conspiratione

441 1775 475 1806 a
513 1758 622 1807 suis
661 1755 874 1808 sedibus
913 1760 1191 1809 removeri.
1274 1759 1339 1811 Si
1373 1778 1500 1812 vero
1529 1778 1594 1812 ea
1620 1761 1992 1828 praecipiant,
2029 1775 2168 1827 quae
2193 1759 2299 1822 sint

441 1850 634 1895 contra
682 1844 986 1895 doctrinam
1037 1845 1422 1914 Evanyelieam
1479 1848 1566 1899 vel
1609 1844 2007 1915 Apostolicam‚
2065 1844 2142 1895 ibi
2189 1862 2296 1895 non

443 1949 555 1982 esse
594 1933 669 1982 eis
710 1930 1062 1983 obediendum
1099 1934 1348 2001 exemplo
1388 1936 1641 1986 docemur
1683 1933 1854 1984 Pauli
1890 1930 2170 2000 Apostoli,
2209 1933 2301 1999 qui

444 2017 614 2070 Petro
653 2018 756 2069 sibi
786 2019 1042 2084 praelato
1080 2037 1190 2070 non
1229 2026 1374 2072 recte
1413 2022 1684 2072 incedenti
1720 2022 1796 2071 ad
1819 2021 2096 2071 veritatem
2125 2018 2297 2069 Evan-

438 2106 572 2173 9elii
608 2107 664 2155 in
697 2107 897 2172 faciem
937 2108 1163 2166 restitit,
1199 2125 1308 2158 non
1345 2113 1521 2158 tamen
1561 2126 1677 2159 eum
1716 2108 1925 2178 abjecit.

591 2191 675 2241 15.
754 2188 883 2244 Cum
923 2193 986 2244 ob
1026 2193 1156 2246 hanc
1193 2193 1402 2245 eandem
1429 2193 1776 2262 quaestionem
1805 2193 1896 2244 sub
1935 2191 2064 2245 idem
2101 2201 2298 2263 tempus

443 2287 773 2332 convocatum
825 2277 1005 2331 fuisset
1050 2276 1412 2350 Lugdunensis
1461 2279 1752 2351 provinciae
1792 2277 2102 2344 Concilium,
2152 2288 2203 2332 et
2239 2279 2298 2330 ad

442 2363 602 2436 ipsum
650 2363 851 2419 invitati
896 2363 1113 2417 fuissent
1158 2365 1309 2419 etiam
1346 2365 1588 2439 Episcopi
1635 2365 1926 2437 provinciae
1964 2363 2298 2429 SenonensiS,

442 2451 576 2504 inter
625 2470 751 2521 quos
807 2460 920 2505 erat
965 2452 1200 2506 laudatus
1251 2450 1591 2507 Carnotensis
1627 2451 1909 2525 Episcopus
1957 2452 2074 2519 Iv0,
2122 2452 2296 2507 horum

443 2539 660 2590 omnium
701 2538 905 2592 nomine
943 2539 1136 2610 scripta
1172 2539 1265 2591 fuit
1303 2540 1519 2610 epistola
1556 2541 1618 2593 ad
1656 2539 1941 2605 Joannem,
1995 2558 2086 2593 seu
2122 2540 2297 2592 melius

443 2642 554 2678 cum
591 2623 804 2686 Norisio
863 2624 1040 2695 (Istor.
1091 2625 1214 2679 delle
1250 2625 1484 2680 Investit.
1524 2635 1564 2677 t.
1605 2625 1657 2678 3.
1718 2624 1873 2697 Oper.
1916 2626 2010 2679 col.
2052 2625 2180 2678 455.
2222 2624 2296 2691 d.)

443 2712 504 2765 ad
540 2710 864 2766 Jotseranum
913 2709 1272 2783 Lugdunensis
1309 2711 1500 2783 primae
1547 2711 1683 2786 'sedis
1719 2710 2196 2784 Archiepiscopum,
2246 2712 2295 2764 in

444 2817 541 2869 qua
577 2798 651 2852 illi
688 2798 822 2852 inter
859 2798 1104 2865 rationeS,
1144 2818 1232 2852 cur
1272 2799 1335 2852 ad
1372 2799 1618 2871 synodum
1658 2817 1762 2851 nou
1801 2800 2130 2868 accederent,
2170 2800 2298 2852 hanc

441 2886 596 2939 tertio
643 2886 752 2940 loco
799 2896 1103 2956 posuerunt,
1163 2886 1281 2956 quia
1336 2884 1390 2937 in
1454 2886 1625 2939 eadem
1678 2887 1874 2958 synodo
1917 2887 1984 2939 'de
2033 2886 2298 2958 privilegio

443 2972 663 3026 Romani
691 2971 958 3026 Pontificis
996 2973 1362 3041 decernendum
1399 2982 1528 3038 erat,
1568 2974 1698 3043 quod
1723 2972 2020 3025 inferiorum
2058 2973 2298 3044 potestati

445 3079 546 3113 non
585 3060 823 3114 convenit
861 3058 1056 3131 (Epist.
1098 3060 1224 3114 236.
1264 3059 1497 3128 lvonis):
1563 3061 1690 3112 Non
1727 3061 1940 3113 videtur
1977 3060 2129 3112 nobis
2167 3062 2298 3114 utile

444 3149 723 3201 consilium
765 3150 840 3200 ad
875 3149 975 3200 illa
1013 3149 1247 3200 concilia
1286 3151 1600 3208 convenire,
1647 3151 1701 3199 in
1742 3147 1929 3216 quibus
1968 3165 2075 3198 non
2106 3166 2298 3215 possu-

444 3255 557 3288 mus
596 3255 686 3288 eas
715 3254 1014 3302 personas,
1053 3243 1247 3288 contra
1285 3254 1420 3304 quas
1459 3237 1667 3304 agitur,
1704 3235 2064 3286 condemnare
2102 3237 2189 3287 vel
2204 3239 2296 3307 ju-

444 3325 656 3376 dicare:
696 3325 824 3391 quia
860 3341 960 3375 nec
995 3329 1200 3383 nostro,
1238 3340 1338 3374 nec
1361 3323 1526 3374 ullius
1553 3322 1818 3372 hominum
1848 3321 2157 3387 probantur
2183 3321 2296 3372 sub-

429 3413 624 3478 jacere
632 3411 868 3480 judicie.
944 3406 1013 3460 Et
1036 3418 1155 3477 post
1181 3426 1369 3479 pauca:
1411 3409 1566 3460 Haec
1586 3409 1827 3458 dicentes
1853 3426 1960 3459 non
1987 3410 2295 3460 instruimus
