2326 3854
960 55 1577 112 *gg-„-

337 219 641 274 necessitate
689 222 839 275 etiam
888 231 1143 275 renuente
1187 224 1353 292 Papa
1393 224 1681 275 concilium
1719 224 1918 292 absque
1968 243 2028 276 eo
2069 244 2189 275 con-

335 311 523 360 vocari
552 328 732 379 posse.
808 307 943 385 Num
997 308 1043 361 si
1080 318 1385 363 convocetur
1439 309 1499 361 ab
1551 308 1614 360 iis
1667 307 1752 377 qui
1800 319 2032 363 carentes
2071 313 2190 382 jure

335 395 548 449 clavium
595 395 650 448 in
698 405 856 447 totam
893 393 1206 462 Ecclesiam,
1256 405 1434 449 carent
1481 413 1677 465 quoque
1717 397 1834 467 jure
1885 397 2192 451 convocandi

333 482 492 537 totius
559 482 821 537 Ecclesiae
889 480 1201 555 Episcop08,
1272 482 1552 555 hujusmodi
1605 481 1903 536 convocatio
1967 481 2213 552 legitima„

333 569 508 637 haberi
541 579 715 640 queat,
757 588 816 622 eo
841 569 1155 641 potissimum
1194 570 1502 636 obsistente,
1542 569 1621 624 cui
1651 569 1889 622 in'totam
1913 567 2196 625 Ecclesiam

319 658 407 727 Jus
459 667 567 722 est,
608 656 772 726 quivis
814 676 1002 728 aequus
1041 658 1396 731 principiorum
1438 659 1568 729 juris
1618 657 1915 712 aestimator
1945 656 2155 728 judicet.

1187 792 1235 866 §-
1284 793 1348 843 11.

463 892 646 941 Quinam
679 897 907 936 convenire
940 897 1136 948 debeant,
1170 900 1219 937 ut
1255 897 1493 938 Concilium
1523 897 1581 937 sit
1613 908 1709 936 vere
1740 898 2071 940 oecumenicum.

481 1004 534 1055 4.
616 1002 688 1056 Ut
727 1014 892 1058 autem
939 1005 1348 1077 praescindamus
1399 1025 1429 1059 a
1459 1007 1578 1077 jure
1627 1005 1962 1070 convocandi,
2016 1008 2196 1077 negari

337 1108 439 1142 non
476 1108 627 1162 posse
665 1090 862 1147 videtur
901 1111 1012 1146 eam
1051 1093 1466 1149 convocationem
1508 1096 1569 1164 (a
1607 1111 1902 1163 quocunque
1939 1090 2055 1164 fiat)
2095 1093 2197 1147 suf-

335 1178 504 1243 ficere,
544 1193 642 1247 qua
679 1177 715 1230 ii
754 1179 1076 1246 conveniant,
1115 1199 1239 1251 quos
1279 1198 1489 1234 necesse
1528 1190 1606 1233 est
1646 1179 1946 1246 convenire,
1985 1189 2041 1231 ut
2078 1197 2198 1232 con-

338 1265 551 1321 stituant
589 1265 854 1323 concilium
880 1287 1002 1322 vere
1040 1268 1432 1322 oecumenicum.
1507 1268 1561 1319 Id
1598 1267 2199 1338 quaestionem'secundo

338 1353 448 1405 loco
496 1353 805 1424 propositam
853 1354 1077 1426 respicit.
1118 1389 1120 1391 >
1171 1352 1300 1408 Cum
1349 1356 1610 1409 concilium
1660 1355 1900 1427 generale
1961 1354 2028 1407 sit
2076 1373 2197 1408 con-

338 1439 506 1497 cilium
545 1458 647 1492 non
694 1459 761 1493 ex
815 1441 982 1512 aliqua
1031 1441 1323 1514 provincia,
1373 1443 1455 1497 vel
1504 1461 1696 1515 regn0‚
1746 1461 1840 1496 nec
1891 1460 1962 1496 ex
2010 1441 2200 1512 aliquot

338 1536 532 1580 tantum
571 1525 835 1582 Ecclesiae
868 1530 1130 1602 ‚partibuS‚
1178 1529 1267 1583 sed
1313 1548 1383 1604 θὶς
1422 1540 1532 1585 tota
1567 1529 1806 1586 Ecclesia
1855 1538 2202 1590 convocatum,

342 1615 472 1684 quod
519 1615 810 1674 universam
858 1615 1145 1670 Ecclesiam
1196 1627 1580 1688 repraesentat,
1635 1617 1891 1687 totiusque
1912 1674 1916 1677 ,
1938 1613 2200 1670 Ecclesiae

334 1702 741 1773 jurisdictionem
797 1704 1049 1771 continet,
1111 1724 1288 1759 omnes
1342 1706 1539 1776 quidem
1583 1704 1826 1778 Episcopi
1890 1703 1942 1756 in
2004 1703 2201 1756 unitate

342 1788 606 1844 Ecclesiae
642 1790 907 1858 viventes,
958 1792 1134 1863 quibus
1185 1792 1238 1845 in
1277 1791 1438 1847 Petro
1491 1803 1542 1846 et
1578 1792 1845 1866 Apostolis
1885 1792 2052 1847 claves
2092 1810 2203 1845 cum

340 1888 594 1949 potestate
629 1878 821 1951 ligandi
860 1890 912 1933 et
951 1880 1179 1935 solvendi
1229 1881 1380 1935 datae
1416 1883 1689 1934 fuerunt'a
1729 1877 1968 1945 Christo,
2019 1898 2079 1932 eo
2117 1897 2201 1932 ac-

342 1966 521 2020 cedere
559 1975 799 2038 possunt,
854 1966 926 2020 ita
974 1977 1027 2019 ut
1063 1967 1287 2039 ipsorum
1326 1987 1472 2022 nemo
1511 1967 1716 2020 excludi
1762 1976 1928 2038 queat.
2004 1964 2203 2020 Verum

344 2063 465 2105 cum'
500 2052 808 2125 impossibile
855 2053 922 2106 sit
968 2072 1143 2108 omnes
1200 2055 1383 2109 ibidem
1441 2055 1650 2120 adesse,
1712 2073 1806 2107 nec
1853 2053 2092 2126 expediat
2139 2055 2201 2107 ab

342 2140 573 2193 omnibus
623 2139 891 2213 Episcopis
938 2141 1170 2213 integras
1226 2142 1645 2211 vastissimasque
1706 2141 1944 2213 regiones
2006 2141 2204 2214 penitus

343 2228 536 2294 deseri3
589 2229 714 2282 satis
754 2238 832 2282 est
868 2228 1122 2295 habitum,
1164 2229 1208 2282 si
1247 2248 1317 2283 ex
1354 2229 1578 2302 pluribus
1616 2227 1882 2283 Ecclesiae
1932 2227 2204 2301 proyinciis

345 2317 406 2368 ad
445 2316 707 2369 concilium
748 2325 1076 2369 accurrerent
1113 2335 1214 2369 non
1252 2318 1425 2390 pauci,
1466 2326 1518 2370 et
1559 2334 1630 2370 ex
1668 2302 2086 2373 nonnullisllocis
2124 2333 2207 2370 rc-

346 2402 644 2458 motioribus
683 2413 770 2456 aut
808 2398 1168 2468 difficilioribus
1219 2406 1399 2459 saltem
1441 2404 1623 2475 aliqui,
1671 2413 1819 2475 prout
1858 2402 1959 2468 rei,
2009 2404 2068 2456 de
2107 2421 2208 2472 qua

346 2491 596 2561 agendum
635 2501 772 2556 erat,
820 2487 983 2546 visum
1028 2491 1134 2544 fuit
1180 2481 1456 2567 expedire3
1510 2509 1604 2543 nec
1651 2490 1891 2543 creditum
1937 2490 2030 2543 fuit
2070 2489 2207 2560 quic-⁷

345 2595 493 2646 quam
531 2577 753 2643 officere,
793 2578 836 2631 si
876 2597 947 2631 ex
986 2578 1179 2648 aliquot
1217 2579 1368 2632 etiam
1410 2577 1607 2648 magnis
1634 2577 1926 2648 regionibus
1965 2578 2084 2629 nulli
2113 2595 2206 2630 nec

343 2683 434 2736 per
470 2683 528 2717 sc
566 2683 661 2718 nec
698 2683 788 2736 per
827 2665 1024 2735 legatos
1065 2665 1319 2718 adessent.
1396 2664 1507 2718 Hac
1543 2665 1603 2717 de
1652 2682 1804 2718 causa
1841 2663 2078 2734 antiquae
2117 2683 2206 2735 gc·

344 2752 545 2805 nerales
585 2752 768 2824 synodi
806 2751 1009 2807 habitae
1037 2762 1164 2805 xsunt
1200 2751 1456 2823 legitimae
1495 2762 1547 2805 et
1585 2752 1966 2823 oecumenicae,
2003 2752 2210 2806 tametsi

346 2840 453 2892 fere
493 2857 562 2892 ex
603 2839 725 2898 solis
766 2837 1111 2894 Orientalibus
1151 2840 1447 2905 coaluerint,
1487 2857 1558 2893 ex
1597 2837 2003 2893 Occidentalibus
2043 2849 2209 2902 autem

347 2927 455 2980 fere
493 2927 616 2980 nulli
654 2927 938 3002 velt-pauci,
977 2928 1029 2981 in
1058 2928 1236 2998 quibus
1275 2937 1448 2981 tamen
1488 2945 1686 2999 semper
1713 2925 1976 2986 Romanus
2012 2927 2096 2985 vel
2119 2944 2210 2997 per

353 3033 408 3068 se
445 3015 528 3070 vel
565 3033 656 3087 per
695 3015 892 3087 legatos
930 3015 1175 3078 interfuit,
1766 3077 1770 3080 ,

497 3103 546 3154 ὅ.
624 3100 684 3155 Si
722 3112 889 3156 autem
929 3102 1173 3175 quispiam
1212 3112 1441 3172 quaerat,
1481 3121 1570 3156 cur
1596 3087 1836 3156 creditum
1863 3100 1932 3152 sit
1958 3100 2209 3166 sufficere,

346 3190 389 3242 si
429 3191 509 3244 hic
548 3208 679 3243 unus
721 3208 791 3243 ex
818 3188 1094 3263 Occidente
1136 3191 1355 3255 adesset,
1395 3189 1552 3243 dicam
1579 3187 1778 3260 paucist
1819 3187 1935 3257 quia
1962 3187 2040 3241 hic
2079 3196 2209 3241 unu's

351 3297 440 3348 per
479 3297 534 3331 se
572 3278 728 3331 totius
765 3275 1030 3331 Ecclesiae
1076 3274 1345 3350 personam
1383 3295 1572 3347 gerens
1629 3275 1735 3347 (uti
1784 3275 1973 3347 pluries
2024 3265 2212 3346 ingerit

350 3362 407 3416 S.
462 3365 780 3447 Augustinus
831 3365 890 3418 de
940 3363 998 3426 S.
1051 3364 1241 3432 Petro,
1293 3363 1372 3419 cui
1430 3363 1651 3418 Romani
1697 3361 1977 3417 Pontifices
2036 3364 2210 3418 eodem

2311 370 2326 409 'i

2304 411 2326 550 >1

2316 570 2326 636 ¹
