2326 3854
687 265 855 272 *-
945 232 1282 287 53.—

86 399 310 452 decretis
346 403 399 449 in
451 416 513 448 ea
551 401 756 448 actione
795 415 909 448 cum
956 398 1076 447 sede
1116 394 1424 461 Apostolica
1471 396 1755 444 universus*
1787 395 1880 445 Oc-

85 487 263 536 cidens
324 482 627 535 recedebat.-
686 479 798 549 quia
855 480 1043 532 scilicet
1096 477 1301 531 concilio
1355 487 1553 548 praeter
1599 475 1881 529 Orientales

85 567 176 619 soli
224 585 292 619 ex
330 565 594 633 Occidente
640 563 897 621 Pontificis
944 563 1096 633 legati
1140 563 1390 626 aderant,
1424 561 1504 631 qui
1550 571 1727 614 contra
1773 580 1883 614 eum

85 669 320 703 canonem
369 635 625 702 Pontificis
684 649 880 700 nomine
934 648 1196 717 protestati
1258 649 1467 699 fuerant.
1568 644 1623 699 Si
1673 647 1750 711 hi,
1801 657 1883 698 aut

83 735 320 787 Pontifex
357 732 652 786 assensisset
687 732 880 785 laudato
919 732 1146 795 decreto,
1203 750 1367 784 nonne
1404 731 1654 801 generalis
1692 730 1883 783 concilii

82 820 179 872 vim
217 830 265 872 et
299 817 641 871 auctoritatem
677 816 990 881 obtinuisset,
1029 816 1229 867 tametsi
1265 817 1347 868 alii
1385 814 1727 869 Occidentales
1763 813 1881 886 Epi-

82 904 241 974 scopi,
262 902 359 972 0qui
395 907 494 954 n'on
534 911 850 954 accesserant
887 902 946 953 ad
985 896 1091 953 eam
1131 902 1399 971 synodum,
1448 919 1705 953 assensum
1744 919 1882 953 suum

81 1006 179 1039 non
215 988 581 1039 declarassent?
631 986 682 1036 Id
720 1004 839 1056 sane
877 986 1123 1038 sufficiens
1163 987 1475 1039 crediderunt
1511 984 1724 1051 PatreS,
1774 986 1889 1037 dum'

81 1072 230 1125 solius
268 1070 436 1142 Papae
475 1070 875 1142 approbationem
914 1069 1432 1142 confirmationemque
1467 1070 1718 1139 petierunt
1757 1069 1879 1141 (Ep.

79 1156 219 1225 98),
258 1166 307 1208 et
343 1157 439 1209 vim
478 1157 667 1225 quidem
705 1162 860 1207 totam
900 1158 1007 1226 ejus
1037 1154 1220 1224 judicio
1269 1163 1578 1206 reservatam
1615 1154 1884 1209 declaravit

78 1241 369 1293 Anatolius:
407 1237 708 1311 idipsumque
746 1239 1046 1303 adversarii,
1084 1249 1139 1290 ut
1177 1238 1419 1304 arbitror,
1458 1255 1557 1289 non
1595 1238 1884 1291 inficiabun-

79 1336 176 1378 tur.
252 1324 578 1389 Orientalium
632 1342 751 1394 ergo
799 1323 1200 1393 frequentissima
1249 1323 1500 1393 synodUS,
1552 1325 1756 1393 ejusque
1803 1341 1883 1376 ca—

79 1407 232 1462 nones
279 1410 500 1479 indigent
536 1408 706 1479 Papae
742 1408 1113 1462 confirmatione
1165 1417 1215 1460 et
1253 1425 1485 1471 assensu,
1543 1418 1596 1459 ut
1634 1409 1882 1478 generalis

79 1493 270 1547 concilii
313 1494 412 1546 vim
462 1503 512 1546 et
563 1494 903 1547 auctoritatem
957 1502 1353 1561 consequantur3
1406 1503 1577 1545 carent
1624 1511 1744 1546 vero
1796 1493 1883 1545 tali

79 1579 371 1632 auctoritate
411 1597 470 1631 ac
504 1578 580 1641 vi,
632 1578 675 1629 si
710 1578 836 1631 desit
874 1579 1110 1648 ejusmodi
1161 1595 1426 1643 assensuS,
1477 1586 1744 1648 pateatque
1781 1578 1879 1630 dis-

77 1681 270 1716 sensus.
344 1664 397 1714 Id
433 1672 603 1715 autemv
632 1662 740 1713 dum
778 1664 957 1715 thesim
995 1673 1243 1727 nostram,
1281 1682 1406 1732 quae
1444 1661 1757 1715 Pontificiam
1795 1680 1880 1733 ap-

76 1748 414 1818 probationem
467 1747 675 1817 requirit
694 1785 709 1815 ,
785 1738 1175 1802 Chalcedonensi
1241 1749 1369 1800 facto
1438 1747 1561 1800 satis
1631 1746 1884 1800 evidenter

76 1834 329 1904 probatam
354 1833 578 1897 adstruit,
618 1833 918 1886 contrariam
944 1853 974 1886 a
998 1833 1243 1886 Bossueto
1269 1834 1649 1903 praesumptam,
1687 1832 1881 1885 eodem-

76 1924 169 1986 que
205 1914 594 1973 Chalcedonensi
643 1912 772 1970 facto
811 1920 1121 1989 reprobatam
1168 1917 1395 1970 destruit.
1470 1915 1570 1969 Sed
1609 1916 1708 1969 alia
1745 1917 1797 1968 in
1834 1917 1878 1968 id

76 2002 376 2056 evidentiora
412 2002 654 2073 adjiciam.
1530 2002 1540 2013 “

152 2239 155 2240 ⁷
898 2174 944 2240 §-
985 2176 1045 2225 11.

80 2274 141 2314 De
183 2275 429 2315 necessitate
468 2275 790 2325 approbationis
826 2255 1073 2324 Pontficiae
1126 2277 1172 2316 in
1224 2255 1462 2329 careonibus
1505 2276 1783 2325 disciplinae,
1832 2278 1878 2313 ut

385 2333 596 2382 generalis
625 2333 794 2374 concilii
823 2334 907 2374 vim
938 2337 978 2374 et
1009 2335 1303 2374 auctoritatem
1333 2334 1563 2374 obtineant.

171 2449 174 2456 ⁴>
215 2431 266 2482 4.
341 2429 704 2483 Necessitatem
759 2431 947 2499 quidem
1005 2431 1283 2502 pontificiae
1350 2428 1716 2502 approbationis
1772 2429 1878 2482 sive

75 2532 344 2567 consensus
381 2514 488 2585 ipsa
535 2515 838 2585 generalium
879 2514 1212 2570 Conciliorum
1251 2515 1519 2568 communis
1556 2513 1693 2566 notio
1732 2523 1879 2582 atque

75 2609 252 2652 natura
288 2600 610 2652 demonstrat.
687 2588 816 2667 Quid
856 2601 982 2654 enim
1029 2612 1107 2654 est
1156 2601 1390 2672 generale
1431 2599 1734 2663 Concilium,
1768 2598 1878 2650 'nisi

74 2682 427 2754 Episcoporum
472 2703 541 2738 ex
584 2695 690 2738 toto
729 2684 1015 2740 Christiano
1066 2687 1185 2739 orbe
1234 2686 1524 2740 convocatio
1574 2695 1724 2753 atque
1758 2702 1876 2737 con—

75 2778 252 2821 ventus
309 2770 398 2820 sub
444 2768 670 2822 Romano
717 2770 973 2824 *Pontifice
1029 2772 1182 2824 totius
1224 2769 1483 2824 Ecclesiae
1540 2771 1733 2841 capite?
1809 2769 1877 2821 Ut

77 2852 312 2904 habeatur
350 2854 567 2922 synodus
614 2856 749 2908 vere‘
770 2856 1109 2920 oecumenica,
1155 2857 1280 2908 haud
1325 2873 1532 2908 necesse
1580 2865 1659 2908 est
1705 2872 1876 2906 omnes

77 2937 272 2988 omnino
309 2934 581 3008 Episcopos
619 2940 900 3005 convenire,
940 2959 1044 2992 cum
1083 2940 1129 2991 id
1166 2948 1321 3010 paene
1360 2939 1659 3011 impossibile
1693 2939 1786 3004 sit,
1826 2949 1875 2991 et

78 3021 309 3090 siquidem
350 3032 483 3075 esset
531 3024 788 3094 possibile,
835 3043 934 3075 non
982 3024 1241 3095 expediret
1290 3043 1459 3077 omnes
1509 3025 1650 3076 simul
1696 3024 1872 3092 ubique

77 3107 291 3158 locorum
329 3108 556 3179 proprias
593 3109 826 3162 ecclesias
862 3109 1109 3160 deserere.
1181 3108 1253 3160 At
1278 3108 1558 3160 Romanum
1582 3107 1874 3160 Pontificem

77 3190 157 3242 vel
191 3187 288 3260 perj
313 3208 368 3243 se
404 3193 483 3246 vel
518 3211 605 3264 per
641 3194 835 3263 legatos
874 3192 1187 3250 oecumenico
1226 3192 1433 3244 concilio
1472 3186 1646 3245 adesse
1681 3194 1752 3244 ita
1787 3211 1875 3245 ne-

79 3274 344 3326 cessarium
398 3287 499 3341 est,
553 3287 634 3341 ut,
692 3278 734 3330 si
789 3278 942 3342 desit,
1000 3278 1216 3347 synodus
1275 3276 1467 3328 etiamsi
1519 3275 1874 3349 Episcoporum

80 3361 280 3410 numero
324 3360 747 3428 frequentissima,
796 3363 1044 3432 generalis
1093 3380 1191 3413 non
1242 3361 1354 3425 sit,
1392 3379 1483 3413 nec
1529 3379 1640 3414 esse
1680 3362 1872 3433 'possit.

0 3468 13 3483 ·
80 3441 316 3512 Synodus
358 3435 582 3497 nimirum
630 3448 875 3516 generalis
922 3447 1101 3500 idcirco
1148 3465 1234 3517 per
1281 3464 1335 3499 se
1381 3446 1587 3499 maximi
1638 3457 1713 3499 est
1757 3466 1875 3518 prae
