<?xml version="1.0" encoding="UTF-8"?>
<!DOCTYPE html PUBLIC "-//W3C//DTD XHTML 1.0 Transitional//EN"
    "http://www.w3.org/TR/xhtml1/DTD/xhtml1-transitional.dtd">
<html xmlns="http://www.w3.org/1999/xhtml" xml:lang="en" lang="en">
 <head>
  <title>
</title>
<meta http-equiv="Content-Type" content="text/html;charset=utf-8" />
  <meta name='ocr-system' content='tesseract 3.04.00' />
  <meta name='ocr-capabilities' content='ocr_page ocr_carea ocr_par ocr_line ocrx_word'/>
</head>
<body>
  <div class='ocr_page' id='page_1' title='image "./ra546170800balluoft_0020.png"; bbox 0 0 2326 3854; ppageno 0'>
   <div class='ocr_carea' id='block_1_1' title="bbox 853 170 1223 208">
    <p class='ocr_par' dir='ltr' id='par_1_1' title="bbox 853 170 1223 208">
     <span class='ocr_line' id='line_1_1' title="bbox 853 170 1223 208; baseline 0 0"><span class='ocrx_word' id='word_1_1' title='bbox 853 187 1030 193; x_wconf 91' lang='lat'><em>·--——-</em></span> <span class='ocrx_word' id='word_1_2' title='bbox 1119 170 1223 208; x_wconf 87' lang='lat' dir='ltr'><strong>XIV</strong></span> 
     </span>
    </p>
   </div>
   <div class='ocr_carea' id='block_1_2' title="bbox 1315 186 1488 194">
    <p class='ocr_par' dir='ltr' id='par_1_2' title="bbox 1315 186 1488 194">
     <span class='ocr_line' id='line_1_2' title="bbox 1315 186 1488 194; baseline 0 3660"><span class='ocrx_word' id='word_1_3' title='bbox 1315 186 1488 194; x_wconf 95' lang='lat' dir='ltr'><strong> </strong></span> 
     </span>
    </p>
   </div>
   <div class='ocr_carea' id='block_1_3' title="bbox 239 321 2100 3577">
    <p class='ocr_par' dir='ltr' id='par_1_3' title="bbox 250 321 2100 662">
     <span class='ocr_line' id='line_1_3' title="bbox 251 321 2099 402; baseline 0.003 -24"><span class='ocrx_word' id='word_1_4' title='bbox 251 323 452 399; x_wconf 89' lang='lat' dir='ltr'><strong>destia,</strong></span> <span class='ocrx_word' id='word_1_5' title='bbox 501 325 811 398; x_wconf 80' lang='lat' dir='ltr'>opinionem</span> <span class='ocrx_word' id='word_1_6' title='bbox 860 324 928 380; x_wconf 89' lang='lat' dir='ltr'><strong>de</strong></span> <span class='ocrx_word' id='word_1_7' title='bbox 978 321 1355 380; x_wconf 66' lang='lat' dir='ltr'><strong>conciliorum</strong></span> <span class='ocrx_word' id='word_1_8' title='bbox 1395 327 1787 399; x_wconf 67' lang='lat' dir='ltr'><strong>superior-itate</strong></span> <span class='ocrx_word' id='word_1_9' title='bbox 1833 326 2099 402; x_wconf 73' lang='lat' dir='ltr'><strong>defendit,</strong></span> 
     </span>
     <span class='ocr_line' id='line_1_4' title="bbox 250 411 2096 489; baseline 0.003 -23"><span class='ocrx_word' id='word_1_10' title='bbox 250 412 602 487; x_wconf 80' lang='lat' dir='ltr'><strong>gravissimis</strong></span> <span class='ocrx_word' id='word_1_11' title='bbox 646 416 761 468; x_wconf 91' lang='lat' dir='ltr'><strong>tum</strong></span> <span class='ocrx_word' id='word_1_12' title='bbox 808 429 881 467; x_wconf 88' lang='lat' dir='ltr'><strong>ex</strong></span> <span class='ocrx_word' id='word_1_13' title='bbox 927 412 1187 468; x_wconf 88' lang='lat' dir='ltr'><strong>Patribus</strong></span> <span class='ocrx_word' id='word_1_14' title='bbox 1235 415 1352 467; x_wconf 90' lang='lat' dir='ltr'><strong>tum</strong></span> <span class='ocrx_word' id='word_1_15' title='bbox 1399 429 1473 468; x_wconf 88' lang='lat' dir='ltr'><strong>ex</strong></span> <span class='ocrx_word' id='word_1_16' title='bbox 1500 411 1826 489; x_wconf 77' lang='lat' dir='ltr'><strong>&#39;Pheologis-</strong></span> <span class='ocrx_word' id='word_1_17' title='bbox 1866 418 2096 471; x_wconf 87' lang='lat' dir='ltr'><strong>contra·-</strong></span> 
     </span>
     <span class='ocr_line' id='line_1_5' title="bbox 250 495 2100 576; baseline 0.003 -22"><span class='ocrx_word' id='word_1_18' title='bbox 250 499 577 576; x_wconf 88' lang='lat' dir='ltr'><strong>dicentibus,</strong></span> <span class='ocrx_word' id='word_1_19' title='bbox 622 500 767 556; x_wconf 89' lang='lat' dir='ltr'><strong>inter</strong></span> <span class='ocrx_word' id='word_1_20' title='bbox 813 517 949 573; x_wconf 90' lang='lat' dir='ltr'><strong>quos</strong></span> <span class='ocrx_word' id='word_1_21' title='bbox 975 496 1295 556; x_wconf 82' lang='lat' dir='ltr'><strong>Cardinalis</strong></span> <span class='ocrx_word' id='word_1_22' title='bbox 1317 495 1574 558; x_wconf 85' lang='lat' dir='ltr'><strong>Joannes</strong></span> <span class='ocrx_word' id='word_1_23' title='bbox 1606 519 1642 557; x_wconf 91' lang='lat' dir='ltr'><strong>a</strong></span> <span class='ocrx_word' id='word_1_24' title='bbox 1665 500 2100 560; x_wconf 74' lang='lat' dir='ltr'><strong>&#39;Purrecremata</strong></span> 
     </span>
     <span class='ocr_line' id='line_1_6' title="bbox 250 584 2062 662; baseline -0.001 -20"><span class='ocrx_word' id='word_1_25' title='bbox 250 592 306 642; x_wconf 91' lang='lat' dir='ltr'><strong>et</strong></span> <span class='ocrx_word' id='word_1_26' title='bbox 348 586 602 644; x_wconf 83' lang='lat' dir='ltr'><strong>Joannes</strong></span> <span class='ocrx_word' id='word_1_27' title='bbox 657 584 1046 662; x_wconf 77' lang='lat' dir='ltr'><strong>CapistranuS.</strong></span> <span class='ocrx_word' id='word_1_28' title='bbox 2059 637 2062 640; x_wconf 11' lang='grc' dir='ltr'><em>Α</em></span> 
     </span>
    </p>

    <p class='ocr_par' dir='ltr' id='par_1_4' title="bbox 239 674 2100 3577">
     <span class='ocr_line' id='line_1_7' title="bbox 381 674 2098 752; baseline 0.002 -21"><span class='ocrx_word' id='word_1_29' title='bbox 381 674 562 746; x_wconf 80' lang='lat' dir='ltr'><strong>Quam</strong></span> <span class='ocrx_word' id='word_1_30' title='bbox 609 677 881 752; x_wconf 81' lang='lat' dir='ltr'><strong>exiguae,</strong></span> <span class='ocrx_word' id='word_1_31' title='bbox 930 678 1056 750; x_wconf 91' lang='lat' dir='ltr'><strong>quin</strong></span> <span class='ocrx_word' id='word_1_32' title='bbox 1087 678 1252 734; x_wconf 89' lang='lat' dir='ltr'><strong>immo</strong></span> <span class='ocrx_word' id='word_1_33' title='bbox 1284 677 1492 733; x_wconf 88' lang='lat' dir='ltr'><strong>nullius</strong></span> <span class='ocrx_word' id='word_1_34' title='bbox 1522 678 1630 733; x_wconf 87' lang='lat' dir='ltr'><strong>hac</strong></span> <span class='ocrx_word' id='word_1_35' title='bbox 1659 679 1714 733; x_wconf 93' lang='lat' dir='ltr'><strong>in</strong></span> <span class='ocrx_word' id='word_1_36' title='bbox 1746 694 1809 734; x_wconf 89' lang='lat' dir='ltr'><strong>re</strong></span> <span class='ocrx_word' id='word_1_37' title='bbox 1842 679 1914 734; x_wconf 91' lang='lat' dir='ltr'><strong>sit</strong></span> <span class='ocrx_word' id='word_1_38' title='bbox 1940 676 2098 734; x_wconf 80' lang='lat' dir='ltr'><strong>Ger-</strong></span> 
     </span>
     <span class='ocr_line' id='line_1_8' title="bbox 249 764 2100 843; baseline 0.003 -26"><span class='ocrx_word' id='word_1_39' title='bbox 249 765 436 819; x_wconf 87' lang='lat' dir='ltr'><strong>sonius</strong></span> <span class='ocrx_word' id='word_1_40' title='bbox 483 764 816 839; x_wconf 76' lang='lat' dir='ltr'><strong>autoritatiS,</strong></span> <span class='ocrx_word' id='word_1_41' title='bbox 854 768 1022 836; x_wconf 86' lang='lat' dir='ltr'><strong>juvat</strong></span> <span class='ocrx_word' id='word_1_42' title='bbox 1054 782 1128 821; x_wconf 83' lang='lat' dir='ltr'><strong>ex</strong></span> <span class='ocrx_word' id='word_1_43' title='bbox 1158 764 1527 822; x_wconf 88' lang='lat' dir='ltr'><strong>Illustrissimi</strong></span> <span class='ocrx_word' id='word_1_44' title='bbox 1557 765 1911 843; x_wconf 87' lang='lat' dir='ltr'><strong>Petitdidier,</strong></span> <span class='ocrx_word' id='word_1_45' title='bbox 1955 766 2100 822; x_wconf 90' lang='lat' dir='ltr'><strong>Ma·-</strong></span> 
     </span>
     <span class='ocr_line' id='line_1_9' title="bbox 248 848 2099 927; baseline 0.003 -21"><span class='ocrx_word' id='word_1_46' title='bbox 248 853 460 907; x_wconf 89' lang='lat' dir='ltr'><strong>crensis</strong></span> <span class='ocrx_word' id='word_1_47' title='bbox 505 848 774 927; x_wconf 83' lang='lat' dir='ltr'><strong>Episcopi</strong></span> <span class='ocrx_word' id='word_1_48' title='bbox 820 851 1208 910; x_wconf 80' lang='lat' dir='ltr'><strong>dissertatione</strong></span> <span class='ocrx_word' id='word_1_49' title='bbox 1253 854 1355 909; x_wconf 80' lang='lat' dir='ltr'><strong>Dc</strong></span> <span class='ocrx_word' id='word_1_50' title='bbox 1386 852 1592 909; x_wconf 78' lang='lat' dir='ltr'><strong>Mente</strong></span> <span class='ocrx_word' id='word_1_51' title='bbox 1625 853 1890 910; x_wconf 74' lang='lat' dir='ltr'><strong>Concilii</strong></span> <span class='ocrx_word' id='word_1_52' title='bbox 1931 854 2099 910; x_wconf 73' lang='lat' dir='ltr'><strong>Uon-</strong></span> 
     </span>
     <span class='ocr_line' id='line_1_10' title="bbox 245 937 2098 1020; baseline 0.003 -27"><span class='ocrx_word' id='word_1_53' title='bbox 245 937 614 996; x_wconf 72' lang='lat' dir='ltr'><strong>stantiensis</strong></span> <span class='ocrx_word' id='word_1_54' title='bbox 643 958 764 1015; x_wconf 86' lang='lat' dir='ltr'><strong>cap.</strong></span> <span class='ocrx_word' id='word_1_55' title='bbox 788 939 831 995; x_wconf 94' lang='grc' dir='ltr'><strong>Ι.</strong></span> <span class='ocrx_word' id='word_1_56' title='bbox 878 943 1073 1017; x_wconf 83' lang='lat' dir='ltr'><strong>paucis</strong></span> <span class='ocrx_word' id='word_1_57' title='bbox 1107 941 1199 998; x_wconf 91' lang='lat' dir='ltr'><strong>hic</strong></span> <span class='ocrx_word' id='word_1_58' title='bbox 1228 946 1443 998; x_wconf 86' lang='lat' dir='ltr'><strong>notare.</strong></span> <span class='ocrx_word' id='word_1_59' title='bbox 1514 941 1683 1019; x_wconf 80' lang='lat' dir='ltr'><strong>„Sed</strong></span> <span class='ocrx_word' id='word_1_60' title='bbox 1714 960 1877 1020; x_wconf 90' lang='lat' dir='ltr'><strong>quae,</strong></span> <span class='ocrx_word' id='word_1_61' title='bbox 1903 943 2098 1017; x_wconf 84' lang='lat' dir='ltr'><strong>inquit,</strong></span> 
     </span>
     <span class='ocr_line' id='line_1_11' title="bbox 247 1025 2098 1086; baseline 0.002 -4"><span class='ocrx_word' id='word_1_62' title='bbox 247 1025 559 1084; x_wconf 82' lang='lat' dir='ltr'><strong>Gersonius</strong></span> <span class='ocrx_word' id='word_1_63' title='bbox 605 1029 660 1084; x_wconf 92' lang='lat' dir='ltr'><strong>in</strong></span> <span class='ocrx_word' id='word_1_64' title='bbox 695 1028 1007 1085; x_wconf 67' lang='lat' dir='ltr'><strong>Tractabat</strong></span> <span class='ocrx_word' id='word_1_65' title='bbox 1053 1032 1129 1086; x_wconf 82' lang='lat' dir='ltr'><strong>de</strong></span> <span class='ocrx_word' id='word_1_66' title='bbox 1162 1029 1388 1086; x_wconf 76' lang='lat' dir='ltr'><strong>Mediis</strong></span> <span class='ocrx_word' id='word_1_67' title='bbox 1431 1029 1838 1086; x_wconf 78' lang='lat' dir='ltr'><strong>readunandi</strong></span> <span class='ocrx_word' id='word_1_68' title='bbox 1883 1034 1944 1085; x_wconf 81' lang='lat' dir='ltr'><strong>et</strong></span> <span class='ocrx_word' id='word_1_69' title='bbox 1987 1048 2098 1086; x_wconf 80' lang='lat' dir='ltr'><strong>re·-</strong></span> 
     </span>
     <span class='ocr_line' id='line_1_12' title="bbox 239 1114 2097 1193; baseline 0.002 -23"><span class='ocrx_word' id='word_1_70' title='bbox 239 1114 575 1189; x_wconf 77' lang='lat' dir='ltr'><strong>formandi</strong></span> <span class='ocrx_word' id='word_1_71' title='bbox 619 1117 970 1175; x_wconf 73' lang='lat' dir='ltr'><strong><em>Ecclesiam</em></strong></span> <span class='ocrx_word' id='word_1_72' title='bbox 1013 1117 1085 1174; x_wconf 83' lang='lat' dir='ltr'><strong>in</strong></span> <span class='ocrx_word' id='word_1_73' title='bbox 1135 1117 1409 1175; x_wconf 71' lang='lat' dir='ltr'><strong>Concilio</strong></span> <span class='ocrx_word' id='word_1_74' title='bbox 1450 1117 1736 1193; x_wconf 72' lang='lat' dir='ltr'><strong>yenerali</strong></span> <span class='ocrx_word' id='word_1_75' title='bbox 1794 1118 2097 1190; x_wconf 81' lang='lat' dir='ltr'><strong>contendit,</strong></span> 
     </span>
     <span class='ocr_line' id='line_1_13' title="bbox 244 1205 2099 1283; baseline 0.002 -24"><span class='ocrx_word' id='word_1_76' title='bbox 244 1206 324 1262; x_wconf 87' lang='lat' dir='ltr'><strong>ita</strong></span> <span class='ocrx_word' id='word_1_77' title='bbox 368 1209 735 1280; x_wconf 87' lang='lat' dir='ltr'><strong>praepostera</strong></span> <span class='ocrx_word' id='word_1_78' title='bbox 781 1211 910 1263; x_wconf 88' lang='lat' dir='ltr'><strong>sunt</strong></span> <span class='ocrx_word' id='word_1_79' title='bbox 967 1211 1025 1264; x_wconf 91' lang='lat' dir='ltr'><strong>et</strong></span> <span class='ocrx_word' id='word_1_80' title='bbox 1067 1210 1182 1264; x_wconf 87' lang='lat' dir='ltr'><strong>tam</strong></span> <span class='ocrx_word' id='word_1_81' title='bbox 1225 1225 1422 1283; x_wconf 89' lang='lat' dir='ltr'><strong>parum</strong></span> <span class='ocrx_word' id='word_1_82' title='bbox 1467 1205 1767 1265; x_wconf 82' lang='lat' dir='ltr'><strong>Ecclesiae</strong></span> <span class='ocrx_word' id='word_1_83' title='bbox 1814 1207 2099 1263; x_wconf 90' lang='lat' dir='ltr'><strong>doctrinae</strong></span> 
     </span>
     <span class='ocr_line' id='line_1_14' title="bbox 245 1292 2099 1373; baseline 0 -23"><span class='ocrx_word' id='word_1_84' title='bbox 245 1292 573 1370; x_wconf 77' lang='lat' dir='ltr'><strong>conformia,</strong></span> <span class='ocrx_word' id='word_1_85' title='bbox 622 1298 684 1349; x_wconf 94' lang='lat' dir='ltr'><strong>ut</strong></span> <span class='ocrx_word' id='word_1_86' title='bbox 726 1296 825 1350; x_wconf 85' lang='lat' dir='ltr'><strong>vix</strong></span> <span class='ocrx_word' id='word_1_87' title='bbox 869 1313 983 1351; x_wconf 92' lang='lat' dir='ltr'><strong>una</strong></span> <span class='ocrx_word' id='word_1_88' title='bbox 1010 1297 1224 1373; x_wconf 83' lang='lat' dir='ltr'><strong>pagina</strong></span> <span class='ocrx_word' id='word_1_89' title='bbox 1267 1297 1390 1372; x_wconf 83' lang='lat' dir='ltr'><strong>legi</strong></span> <span class='ocrx_word' id='word_1_90' title='bbox 1428 1297 1628 1372; x_wconf 86' lang='lat' dir='ltr'><strong>possit,</strong></span> <span class='ocrx_word' id='word_1_91' title='bbox 1675 1297 1802 1371; x_wconf 89' lang='lat' dir='ltr'><strong>quin</strong></span> <span class='ocrx_word' id='word_1_92' title='bbox 1852 1311 2099 1352; x_wconf 86' lang='lat' dir='ltr'><strong>errorem</strong></span> 
     </span>
     <span class='ocr_line' id='line_1_15' title="bbox 245 1380 2097 1441; baseline 0.001 -3"><span class='ocrx_word' id='word_1_93' title='bbox 245 1380 496 1438; x_wconf 84' lang='lat' dir='ltr'><strong>offendas</strong></span> <span class='ocrx_word' id='word_1_94' title='bbox 529 1385 585 1438; x_wconf 89' lang='lat' dir='ltr'><strong>et</strong></span> <span class='ocrx_word' id='word_1_95' title='bbox 615 1383 858 1438; x_wconf 88' lang='lat' dir='ltr'><strong>animum</strong></span> <span class='ocrx_word' id='word_1_96' title='bbox 889 1385 1101 1440; x_wconf 83' lang='lat' dir='ltr'><strong>sentias</strong></span> <span class='ocrx_word' id='word_1_97' title='bbox 1133 1380 1381 1441; x_wconf 77' lang='lat' dir='ltr'><strong>Summis</strong></span> <span class='ocrx_word' id='word_1_98' title='bbox 1414 1382 1774 1441; x_wconf 87' lang='lat' dir='ltr'><strong>Pontificibus</strong></span> <span class='ocrx_word' id='word_1_99' title='bbox 1821 1383 1964 1440; x_wconf 86' lang='lat' dir='ltr'><strong>adeo</strong></span> <span class='ocrx_word' id='word_1_100' title='bbox 2002 1385 2097 1439; x_wconf 89' lang='lat' dir='ltr'><strong>in-</strong></span> 
     </span>
     <span class='ocr_line' id='line_1_16' title="bbox 246 1469 2097 1548; baseline 0.002 -24"><span class='ocrx_word' id='word_1_101' title='bbox 246 1469 485 1545; x_wconf 83' lang='lat' dir='ltr'><strong>fensum,</strong></span> <span class='ocrx_word' id='word_1_102' title='bbox 530 1473 593 1526; x_wconf 91' lang='lat' dir='ltr'><strong>ut</strong></span> <span class='ocrx_word' id='word_1_103' title='bbox 613 1469 869 1527; x_wconf 86' lang='lat' dir='ltr'><strong>Wicleffi</strong></span> <span class='ocrx_word' id='word_1_104' title='bbox 902 1487 1125 1528; x_wconf 89' lang='lat' dir='ltr'><strong>errores</strong></span> <span class='ocrx_word' id='word_1_105' title='bbox 1173 1475 1231 1528; x_wconf 89' lang='lat' dir='ltr'><strong>et</strong></span> <span class='ocrx_word' id='word_1_106' title='bbox 1259 1473 1579 1528; x_wconf 84' lang='lat' dir='ltr'><strong>haereticas</strong></span> <span class='ocrx_word' id='word_1_107' title='bbox 1608 1474 1918 1548; x_wconf 78' lang='lat' dir='ltr'><strong>pravitates</strong></span> <span class='ocrx_word' id='word_1_108' title='bbox 1955 1488 2097 1528; x_wconf 87' lang='lat' dir='ltr'><strong>sae-</strong></span> 
     </span>
     <span class='ocr_line' id='line_1_17' title="bbox 247 1556 2098 1638; baseline 0.001 -25"><span class='ocrx_word' id='word_1_109' title='bbox 247 1558 357 1614; x_wconf 89' lang='lat' dir='ltr'><strong>culi</strong></span> <span class='ocrx_word' id='word_1_110' title='bbox 387 1556 587 1635; x_wconf 87' lang='lat' dir='ltr'><strong>XVI.,</strong></span> <span class='ocrx_word' id='word_1_111' title='bbox 633 1559 682 1614; x_wconf 90' lang='lat' dir='ltr'><strong>si</strong></span> <span class='ocrx_word' id='word_1_112' title='bbox 711 1576 823 1617; x_wconf 90' lang='lat' dir='ltr'><strong>non</strong></span> <span class='ocrx_word' id='word_1_113' title='bbox 854 1562 1230 1638; x_wconf 87' lang='lat' dir='ltr'><strong>superaverit,</strong></span> <span class='ocrx_word' id='word_1_114' title='bbox 1263 1564 1417 1617; x_wconf 89' lang='lat' dir='ltr'><strong>certe</strong></span> <span class='ocrx_word' id='word_1_115' title='bbox 1449 1562 1796 1635; x_wconf 86' lang='lat' dir='ltr'><strong>aequaverit.</strong></span> <span class='ocrx_word' id='word_1_116' title='bbox 1873 1558 2098 1634; x_wconf 83' lang='lat' dir='ltr'><strong>Operae</strong></span> 
     </span>
     <span class='ocr_line' id='line_1_18' title="bbox 242 1646 2099 1724; baseline 0.001 -23"><span class='ocrx_word' id='word_1_117' title='bbox 242 1649 483 1720; x_wconf 88' lang='lat' dir='ltr'><strong>pretium</strong></span> <span class='ocrx_word' id='word_1_118' title='bbox 530 1647 710 1703; x_wconf 90' lang='lat' dir='ltr'><strong>habeo</strong></span> <span class='ocrx_word' id='word_1_119' title='bbox 758 1648 829 1704; x_wconf 87' lang='lat' dir='ltr'><strong>ad</strong></span> <span class='ocrx_word' id='word_1_120' title='bbox 875 1646 1039 1705; x_wconf 86' lang='lat' dir='ltr'><strong>finem</strong></span> <span class='ocrx_word' id='word_1_121' title='bbox 1067 1665 1274 1724; x_wconf 91' lang='lat' dir='ltr'><strong>meum,</strong></span> <span class='ocrx_word' id='word_1_122' title='bbox 1323 1665 1518 1704; x_wconf 88' lang='lat' dir='ltr'><strong>eorum</strong></span> <span class='ocrx_word' id='word_1_123' title='bbox 1548 1666 1692 1723; x_wconf 88' lang='lat' dir='ltr'><strong>quae</strong></span> <span class='ocrx_word' id='word_1_124' title='bbox 1740 1647 1872 1704; x_wconf 90' lang='lat' dir='ltr'><strong>dicit</strong></span> <span class='ocrx_word' id='word_1_125' title='bbox 1906 1649 1962 1704; x_wconf 90' lang='lat' dir='ltr'><strong>in</strong></span> <span class='ocrx_word' id='word_1_126' title='bbox 1991 1647 2099 1703; x_wconf 89' lang='lat' dir='ltr'><strong>hoc</strong></span> 
     </span>
     <span class='ocr_line' id='line_1_19' title="bbox 242 1735 2099 1813; baseline 0.001 -24"><span class='ocrx_word' id='word_1_127' title='bbox 242 1737 482 1790; x_wconf 89' lang='lat' dir='ltr'><strong>tractatu</strong></span> <span class='ocrx_word' id='word_1_128' title='bbox 520 1738 743 1809; x_wconf 85' lang='lat' dir='ltr'><strong>partem</strong></span> <span class='ocrx_word' id='word_1_129' title='bbox 788 1752 1022 1792; x_wconf 86' lang='lat' dir='ltr'><strong>narrare</strong></span> <span class='ocrx_word' id='word_1_130' title='bbox 1043 1776 1062 1813; x_wconf 88' lang='lat'><strong>,</strong></span> <span class='ocrx_word' id='word_1_131' title='bbox 1109 1740 1172 1792; x_wconf 85' lang='lat' dir='ltr'><strong>ut</strong></span> <span class='ocrx_word' id='word_1_132' title='bbox 1216 1750 1316 1793; x_wconf 88' lang='lat' dir='ltr'><strong>eos</strong></span> <span class='ocrx_word' id='word_1_133' title='bbox 1361 1738 1564 1792; x_wconf 86' lang='lat' dir='ltr'><strong>rubore</strong></span> <span class='ocrx_word' id='word_1_134' title='bbox 1611 1735 1959 1813; x_wconf 86' lang='lat' dir='ltr'><strong>suffundam,</strong></span> <span class='ocrx_word' id='word_1_135' title='bbox 2008 1736 2099 1810; x_wconf 85' lang='lat' dir='ltr'><strong>qui</strong></span> 
     </span>
     <span class='ocr_line' id='line_1_20' title="bbox 240 1820 2097 1902; baseline 0.001 -24"><span class='ocrx_word' id='word_1_136' title='bbox 240 1822 388 1879; x_wconf 89' lang='lat' dir='ltr'><strong>hunc</strong></span> <span class='ocrx_word' id='word_1_137' title='bbox 434 1823 764 1899; x_wconf 82' lang='lat' dir='ltr'><strong>theologum</strong></span> <span class='ocrx_word' id='word_1_138' title='bbox 814 1825 871 1879; x_wconf 90' lang='lat' dir='ltr'><strong>in</strong></span> <span class='ocrx_word' id='word_1_139' title='bbox 916 1824 1065 1900; x_wconf 87' lang='lat' dir='ltr'><strong>illis,</strong></span> <span class='ocrx_word' id='word_1_140' title='bbox 1125 1842 1268 1899; x_wconf 90' lang='lat' dir='ltr'><strong>quae</strong></span> <span class='ocrx_word' id='word_1_141' title='bbox 1319 1822 1676 1902; x_wconf 74' lang='lat' dir='ltr'><strong>Ecclesiam,</strong></span> <span class='ocrx_word' id='word_1_142' title='bbox 1738 1820 1996 1880; x_wconf 82' lang='lat' dir='ltr'><strong>Concilia</strong></span> <span class='ocrx_word' id='word_1_143' title='bbox 2040 1827 2097 1879; x_wconf 88' lang='lat' dir='ltr'><strong>et</strong></span> 
     </span>
     <span class='ocr_line' id='line_1_21' title="bbox 241 1909 2096 1990; baseline 0 -24"><span class='ocrx_word' id='word_1_144' title='bbox 241 1909 531 1986; x_wconf 83' lang='lat' dir='ltr'><strong>Romanos</strong></span> <span class='ocrx_word' id='word_1_145' title='bbox 563 1910 866 1968; x_wconf 88' lang='lat' dir='ltr'><strong>Pontifices</strong></span> <span class='ocrx_word' id='word_1_146' title='bbox 913 1917 1278 1990; x_wconf 69' lang='lat' dir='ltr'><strong>concernunt,</strong></span> <span class='ocrx_word' id='word_1_147' title='bbox 1322 1917 1584 1987; x_wconf 84' lang='lat' dir='ltr'><strong>tanquam</strong></span> <span class='ocrx_word' id='word_1_148' title='bbox 1614 1914 1947 1988; x_wconf 85' lang='lat' dir='ltr'><strong>magistrum</strong></span> <span class='ocrx_word' id='word_1_149' title='bbox 1983 1927 2096 1966; x_wconf 86' lang='lat' dir='ltr'><strong>ve-</strong></span> 
     </span>
     <span class='ocr_line' id='line_1_22' title="bbox 241 1997 2097 2076; baseline -0.001 -21"><span class='ocrx_word' id='word_1_150' title='bbox 241 1997 576 2056; x_wconf 73' lang='lat' dir='ltr'><strong>nerantur.“</strong></span> <span class='ocrx_word' id='word_1_151' title='bbox 637 1998 785 2056; x_wconf 88' lang='lat' dir='ltr'><strong>Dein</strong></span> <span class='ocrx_word' id='word_1_152' title='bbox 817 2000 1131 2057; x_wconf 90' lang='lat' dir='ltr'><strong>horrendos</strong></span> <span class='ocrx_word' id='word_1_153' title='bbox 1159 2001 1617 2076; x_wconf 87' lang='lat' dir='ltr'><strong>turpissimosque</strong></span> <span class='ocrx_word' id='word_1_154' title='bbox 1665 2017 1911 2076; x_wconf 85' lang='lat' dir='ltr'><strong>errores,</strong></span> <span class='ocrx_word' id='word_1_155' title='bbox 1959 2012 2097 2073; x_wconf 88' lang='lat' dir='ltr'><strong>quos</strong></span> 
     </span>
     <span class='ocr_line' id='line_1_23' title="bbox 243 2086 2094 2163; baseline 0 -20"><span class='ocrx_word' id='word_1_156' title='bbox 243 2086 554 2145; x_wconf 80' lang='lat' dir='ltr'><strong>Gersonius</strong></span> <span class='ocrx_word' id='word_1_157' title='bbox 578 2087 909 2146; x_wconf 86' lang='lat' dir='ltr'><strong>Richerium</strong></span> <span class='ocrx_word' id='word_1_158' title='bbox 941 2089 1148 2160; x_wconf 80' lang='lat' dir='ltr'><strong>docuit,</strong></span> <span class='ocrx_word' id='word_1_159' title='bbox 1198 2093 1365 2163; x_wconf 86' lang='lat' dir='ltr'><strong>atque</strong></span> <span class='ocrx_word' id='word_1_160' title='bbox 1396 2107 1521 2145; x_wconf 90' lang='lat' dir='ltr'><strong>cum</strong></span> <span class='ocrx_word' id='word_1_161' title='bbox 1543 2088 1815 2145; x_wconf 84' lang='lat' dir='ltr'><strong>Wicleffo</strong></span> <span class='ocrx_word' id='word_1_162' title='bbox 1849 2092 1905 2144; x_wconf 85' lang='lat' dir='ltr'><strong>et</strong></span> <span class='ocrx_word' id='word_1_163' title='bbox 1928 2086 2094 2144; x_wconf 84' lang='lat' dir='ltr'><strong>Hus-</strong></span> 
     </span>
     <span class='ocr_line' id='line_1_24' title="bbox 242 2176 2094 2252; baseline 0 -21"><span class='ocrx_word' id='word_1_164' title='bbox 242 2178 324 2233; x_wconf 90' lang='lat' dir='ltr'><strong>sio</strong></span> <span class='ocrx_word' id='word_1_165' title='bbox 358 2193 681 2234; x_wconf 88' lang='lat' dir='ltr'><strong>communes</strong></span> <span class='ocrx_word' id='word_1_166' title='bbox 709 2177 898 2251; x_wconf 84' lang='lat' dir='ltr'><strong>habet,</strong></span> <span class='ocrx_word' id='word_1_167' title='bbox 945 2178 1233 2252; x_wconf 85' lang='lat' dir='ltr'><strong>speciatim</strong></span> <span class='ocrx_word' id='word_1_168' title='bbox 1266 2177 1502 2251; x_wconf 87' lang='lat' dir='ltr'><strong>fuseque</strong></span> <span class='ocrx_word' id='word_1_169' title='bbox 1531 2178 1821 2252; x_wconf 84' lang='lat' dir='ltr'><strong>proponit3</strong></span> <span class='ocrx_word' id='word_1_170' title='bbox 1863 2176 1932 2232; x_wconf 92' lang='lat' dir='ltr'><strong>de</strong></span> <span class='ocrx_word' id='word_1_171' title='bbox 1965 2177 2094 2250; x_wconf 90' lang='lat' dir='ltr'><strong>qui-</strong></span> 
     </span>
     <span class='ocr_line' id='line_1_25' title="bbox 239 2259 2095 2342; baseline -0.002 -21"><span class='ocrx_word' id='word_1_172' title='bbox 239 2267 341 2321; x_wconf 90' lang='lat' dir='ltr'><strong>bus</strong></span> <span class='ocrx_word' id='word_1_173' title='bbox 382 2266 549 2320; x_wconf 89' lang='lat' dir='ltr'><strong>etiam</strong></span> <span class='ocrx_word' id='word_1_174' title='bbox 583 2265 715 2321; x_wconf 82' lang='lat' dir='ltr'><strong>vide</strong></span> <span class='ocrx_word' id='word_1_175' title='bbox 738 2264 1078 2342; x_wconf 80' lang='lat' dir='ltr'><strong>Bolgenium</strong></span> <span class='ocrx_word' id='word_1_176' title='bbox 1106 2259 1564 2341; x_wconf 78' lang='lat' dir='ltr'><strong>L’Episcopato</strong></span> <span class='ocrx_word' id='word_1_177' title='bbox 1595 2270 1729 2322; x_wconf 88' lang='lat' dir='ltr'><strong>tom.</strong></span> <span class='ocrx_word' id='word_1_178' title='bbox 1753 2264 1856 2321; x_wconf 90' lang='lat' dir='ltr'><strong>III.</strong></span> <span class='ocrx_word' id='word_1_179' title='bbox 1889 2262 2095 2340; x_wconf 90' lang='lat' dir='ltr'><strong>cap.V.</strong></span> 
     </span>
     <span class='ocr_line' id='line_1_26' title="bbox 240 2350 2095 2428; baseline -0.001 -20"><span class='ocrx_word' id='word_1_180' title='bbox 240 2372 294 2408; x_wconf 89' lang='lat' dir='ltr'><strong>n.</strong></span> <span class='ocrx_word' id='word_1_181' title='bbox 320 2354 469 2410; x_wconf 75' lang='lat'><strong>262.</strong></span> <span class='ocrx_word' id='word_1_182' title='bbox 497 2357 555 2409; x_wconf 90' lang='lat' dir='ltr'><strong>et</strong></span> <span class='ocrx_word' id='word_1_183' title='bbox 576 2371 726 2428; x_wconf 84' lang='lat' dir='ltr'><strong>seqq.</strong></span> <span class='ocrx_word' id='word_1_184' title='bbox 762 2386 850 2394; x_wconf 90' lang='lat'><strong>—-—</strong></span> <span class='ocrx_word' id='word_1_185' title='bbox 896 2352 1410 2427; x_wconf 74' lang='lat' dir='ltr'><strong>Antifebronium</strong></span> <span class='ocrx_word' id='word_1_186' title='bbox 1440 2352 1831 2409; x_wconf 78' lang='lat' dir='ltr'><strong>vindicatum</strong></span> <span class='ocrx_word' id='word_1_187' title='bbox 1877 2352 2012 2408; x_wconf 88' lang='lat' dir='ltr'><strong>diss.</strong></span> <span class='ocrx_word' id='word_1_188' title='bbox 2046 2350 2095 2407; x_wconf 91' lang='grc' dir='ltr'><strong>Ι.</strong></span> 
     </span>
     <span class='ocr_line' id='line_1_27' title="bbox 241 2440 2095 2519; baseline -0.002 -22"><span class='ocrx_word' id='word_1_189' title='bbox 241 2459 366 2516; x_wconf 88' lang='lat' dir='ltr'><strong>cap.</strong></span> <span class='ocrx_word' id='word_1_190' title='bbox 388 2440 462 2497; x_wconf 88' lang='lat' dir='ltr'><strong>V.</strong></span> <span class='ocrx_word' id='word_1_191' title='bbox 510 2458 646 2518; x_wconf 82' lang='lat' dir='ltr'><strong>pag.</strong></span> <span class='ocrx_word' id='word_1_192' title='bbox 680 2442 803 2499; x_wconf 84' lang='lat'><strong>148</strong></span> <span class='ocrx_word' id='word_1_193' title='bbox 826 2483 845 2519; x_wconf 86' lang='lat'><strong>,</strong></span> <span class='ocrx_word' id='word_1_194' title='bbox 894 2446 954 2498; x_wconf 90' lang='lat' dir='ltr'><strong>et</strong></span> <span class='ocrx_word' id='word_1_195' title='bbox 996 2460 1121 2498; x_wconf 89' lang='lat' dir='ltr'><strong>eum</strong></span> <span class='ocrx_word' id='word_1_196' title='bbox 1164 2443 1356 2518; x_wconf 80' lang='lat' dir='ltr'><strong>primis</strong></span> <span class='ocrx_word' id='word_1_197' title='bbox 1403 2440 1765 2518; x_wconf 77' lang='lat' dir='ltr'><strong>Sardagnam</strong></span> <span class='ocrx_word' id='word_1_198' title='bbox 1810 2440 2095 2515; x_wconf 75' lang='lat' dir='ltr'><strong>Theolog.</strong></span> 
     </span>
     <span class='ocr_line' id='line_1_28' title="bbox 239 2528 2094 2606; baseline -0.001 -22"><span class='ocrx_word' id='word_1_199' title='bbox 239 2528 451 2606; x_wconf 82' lang='lat' dir='ltr'><strong>Dogm.</strong></span> <span class='ocrx_word' id='word_1_200' title='bbox 499 2534 628 2587; x_wconf 85' lang='lat' dir='ltr'><strong>tom.</strong></span> <span class='ocrx_word' id='word_1_201' title='bbox 671 2529 776 2585; x_wconf 87' lang='grc' dir='ltr'><strong>ΠΙ.</strong></span> <span class='ocrx_word' id='word_1_202' title='bbox 823 2534 931 2586; x_wconf 89' lang='lat' dir='ltr'><strong>art.</strong></span> <span class='ocrx_word' id='word_1_203' title='bbox 959 2529 1060 2587; x_wconf 87' lang='lat'>111.</span> <span class='ocrx_word' id='word_1_204' title='bbox 1114 2534 1369 2586; x_wconf 77' lang='lat' dir='ltr'><strong>controv.</strong></span> <span class='ocrx_word' id='word_1_205' title='bbox 1398 2529 1501 2584; x_wconf 85' lang='lat' dir='ltr'><strong>Vl.</strong></span> <span class='ocrx_word' id='word_1_206' title='bbox 1561 2547 1619 2585; x_wconf 84' lang='lat' dir='ltr'><strong>n.-</strong></span> <span class='ocrx_word' id='word_1_207' title='bbox 1658 2529 1790 2586; x_wconf 81' lang='lat'><strong>406</strong></span> <span class='ocrx_word' id='word_1_208' title='bbox 1843 2532 1898 2584; x_wconf 90' lang='lat' dir='ltr'><strong>et</strong></span> <span class='ocrx_word' id='word_1_209' title='bbox 1942 2528 2094 2586; x_wconf 88' lang='lat'><strong>407.</strong></span> 
     </span>
     <span class='ocr_line' id='line_1_29' title="bbox 240 2612 2092 2694; baseline -0.001 -22"><span class='ocrx_word' id='word_1_210' title='bbox 240 2619 330 2692; x_wconf 85' lang='lat' dir='ltr'><strong>qui</strong></span> <span class='ocrx_word' id='word_1_211' title='bbox 375 2619 712 2692; x_wconf 78' lang='lat' dir='ltr'><strong>praesertim</strong></span> <span class='ocrx_word' id='word_1_212' title='bbox 755 2616 1092 2674; x_wconf 77' lang='lat' dir='ltr'><strong>Gersonium</strong></span> <span class='ocrx_word' id='word_1_213' title='bbox 1138 2618 1329 2694; x_wconf 80' lang='lat' dir='ltr'><strong>arguit</strong></span> <span class='ocrx_word' id='word_1_214' title='bbox 1374 2618 1685 2692; x_wconf 82' lang='lat' dir='ltr'><strong>imperitiae</strong></span> <span class='ocrx_word' id='word_1_215' title='bbox 1729 2618 1785 2672; x_wconf 88' lang='lat' dir='ltr'><strong>in</strong></span> <span class='ocrx_word' id='word_1_216' title='bbox 1819 2612 1936 2672; x_wconf 79' lang='lat' dir='ltr'><strong>SS.</strong></span> <span class='ocrx_word' id='word_1_217' title='bbox 1969 2614 2092 2671; x_wconf 80' lang='lat' dir='ltr'><strong>Pa-</strong></span> 
     </span>
     <span class='ocr_line' id='line_1_30' title="bbox 240 2700 2094 2783; baseline -0.001 -22"><span class='ocrx_word' id='word_1_218' title='bbox 240 2711 388 2762; x_wconf 87' lang='lat' dir='ltr'><strong>trum</strong></span> <span class='ocrx_word' id='word_1_219' title='bbox 431 2705 683 2763; x_wconf 83' lang='lat' dir='ltr'><strong>doctrina</strong></span> <span class='ocrx_word' id='word_1_220' title='bbox 727 2710 894 2781; x_wconf 83' lang='lat' dir='ltr'><strong>atque</strong></span> <span class='ocrx_word' id='word_1_221' title='bbox 925 2700 981 2762; x_wconf 89' lang='lat' dir='ltr'><strong>in</strong></span> <span class='ocrx_word' id='word_1_222' title='bbox 1011 2705 1245 2762; x_wconf 88' lang='lat' dir='ltr'><strong>historia</strong></span> <span class='ocrx_word' id='word_1_223' title='bbox 1278 2706 1684 2783; x_wconf 86' lang='lat' dir='ltr'><strong>ecclesiastica,</strong></span> <span class='ocrx_word' id='word_1_224' title='bbox 1733 2721 1968 2778; x_wconf 90' lang='lat' dir='ltr'><strong>eumque</strong></span> <span class='ocrx_word' id='word_1_225' title='bbox 1999 2705 2094 2760; x_wconf 91' lang='lat' dir='ltr'><strong>in—</strong></span> 
     </span>
     <span class='ocr_line' id='line_1_31' title="bbox 241 2791 2090 2872; baseline -0.002 -22"><span class='ocrx_word' id='word_1_226' title='bbox 241 2797 400 2851; x_wconf 84' lang='lat' dir='ltr'><strong>cusat</strong></span> <span class='ocrx_word' id='word_1_227' title='bbox 430 2795 762 2872; x_wconf 86' lang='lat' dir='ltr'><strong>„doctrinae</strong></span> <span class='ocrx_word' id='word_1_228' title='bbox 793 2796 1060 2871; x_wconf 77' lang='lat' dir='ltr'><strong>stigmate</strong></span> <span class='ocrx_word' id='word_1_229' title='bbox 1091 2795 1440 2868; x_wconf 87' lang='lat' dir='ltr'><strong>omniumque</strong></span> <span class='ocrx_word' id='word_1_230' title='bbox 1473 2795 1833 2851; x_wconf 85' lang='lat' dir='ltr'><strong>execratione</strong></span> <span class='ocrx_word' id='word_1_231' title='bbox 1860 2791 2090 2868; x_wconf 79' lang='lat' dir='ltr'><strong>dignae,</strong></span> 
     </span>
     <span class='ocr_line' id='line_1_32' title="bbox 242 2879 2095 2958; baseline -0.001 -20"><span class='ocrx_word' id='word_1_232' title='bbox 242 2883 369 2957; x_wconf 89' lang='lat' dir='ltr'><strong>quia</strong></span> <span class='ocrx_word' id='word_1_233' title='bbox 428 2883 769 2939; x_wconf 85' lang='lat' dir='ltr'><strong>concitandis</strong></span> <span class='ocrx_word' id='word_1_234' title='bbox 827 2883 1188 2940; x_wconf 84' lang='lat' dir='ltr'><strong>seditionibus</strong></span> <span class='ocrx_word' id='word_1_235' title='bbox 1248 2885 1335 2938; x_wconf 86' lang='lat' dir='ltr'><strong>est</strong></span> <span class='ocrx_word' id='word_1_236' title='bbox 1391 2879 1754 2958; x_wconf 73' lang='lat' dir='ltr'><strong>aptissima.“</strong></span> <span class='ocrx_word' id='word_1_237' title='bbox 1844 2879 2095 2938; x_wconf 87' lang='lat' dir='ltr'><strong>Numero</strong></span> 
     </span>
     <span class='ocr_line' id='line_1_33' title="bbox 241 2970 2093 3047; baseline -0.001 -21"><span class='ocrx_word' id='word_1_238' title='bbox 241 2972 602 3046; x_wconf 84' lang='lat' dir='ltr'><strong>subsequenti</strong></span> <span class='ocrx_word' id='word_1_239' title='bbox 643 2972 795 3029; x_wconf 84' lang='lat'><strong>407.</strong></span> <span class='ocrx_word' id='word_1_240' title='bbox 858 2971 930 3028; x_wconf 90' lang='lat' dir='ltr'><strong>ad</strong></span> <span class='ocrx_word' id='word_1_241' title='bbox 976 2970 1287 3046; x_wconf 90' lang='lat' dir='ltr'><strong>quindecim</strong></span> <span class='ocrx_word' id='word_1_242' title='bbox 1332 2973 1516 3047; x_wconf 85' lang='lat' dir='ltr'><strong>capita</strong></span> <span class='ocrx_word' id='word_1_243' title='bbox 1573 2970 1912 3027; x_wconf 85' lang='lat' dir='ltr'><strong>reducuntur</strong></span> <span class='ocrx_word' id='word_1_244' title='bbox 1955 2972 2093 3025; x_wconf 72' lang='lat' dir='ltr'><strong>tur-</strong></span> 
     </span>
     <span class='ocr_line' id='line_1_34' title="bbox 240 3054 2091 3137; baseline -0.002 -23"><span class='ocrx_word' id='word_1_245' title='bbox 240 3061 485 3136; x_wconf 84' lang='lat' dir='ltr'><strong>pissimi,</strong></span> <span class='ocrx_word' id='word_1_246' title='bbox 532 3061 727 3135; x_wconf 88' lang='lat' dir='ltr'><strong>quibus</strong></span> <span class='ocrx_word' id='word_1_247' title='bbox 773 3059 1126 3137; x_wconf 72' lang='lat' dir='ltr'><strong>repetendiS,</strong></span> <span class='ocrx_word' id='word_1_248' title='bbox 1172 3063 1368 3135; x_wconf 86' lang='lat' dir='ltr'><strong>utpote</strong></span> <span class='ocrx_word' id='word_1_249' title='bbox 1412 3061 1533 3135; x_wconf 88' lang='lat' dir='ltr'><strong>pias</strong></span> <span class='ocrx_word' id='word_1_250' title='bbox 1580 3070 1746 3116; x_wconf 77' lang='lat' dir='ltr'><strong>aures</strong></span> <span class='ocrx_word' id='word_1_251' title='bbox 1793 3054 2091 3113; x_wconf 78' lang='lat' dir='ltr'><strong>offenden-</strong></span> 
     </span>
     <span class='ocr_line' id='line_1_35' title="bbox 239 3142 2094 3226; baseline -0.003 -23"><span class='ocrx_word' id='word_1_252' title='bbox 239 3149 383 3204; x_wconf 88' lang='lat' dir='ltr'><strong>tibus</strong></span> <span class='ocrx_word' id='word_1_253' title='bbox 428 3149 519 3204; x_wconf 90' lang='lat' dir='ltr'><strong>hic</strong></span> <span class='ocrx_word' id='word_1_254' title='bbox 566 3148 945 3226; x_wconf 86' lang='lat' dir='ltr'><strong>supersedeo,</strong></span> <span class='ocrx_word' id='word_1_255' title='bbox 1010 3150 1294 3225; x_wconf 74' lang='lat' dir='ltr'><strong>„errores</strong></span> <span class='ocrx_word' id='word_1_256' title='bbox 1338 3146 1795 3222; x_wconf 71' lang='lat' dir='ltr'><strong>Donatistarum,</strong></span> <span class='ocrx_word' id='word_1_257' title='bbox 1839 3142 2094 3201; x_wconf 79' lang='lat' dir='ltr'><strong>Wicleffi</strong></span> 
     </span>
     <span class='ocr_line' id='line_1_36' title="bbox 242 3235 2092 3314; baseline -0.001 -24"><span class='ocrx_word' id='word_1_258' title='bbox 242 3239 298 3291; x_wconf 91' lang='lat' dir='ltr'><strong>et</strong></span> <span class='ocrx_word' id='word_1_259' title='bbox 322 3235 552 3314; x_wconf 88' lang='lat' dir='ltr'><strong>Hussii,</strong></span> <span class='ocrx_word' id='word_1_260' title='bbox 599 3238 655 3293; x_wconf 88' lang='lat' dir='ltr'><strong>in</strong></span> <span class='ocrx_word' id='word_1_261' title='bbox 701 3255 840 3312; x_wconf 79' lang='lat' dir='ltr'><strong>quos</strong></span> <span class='ocrx_word' id='word_1_262' title='bbox 883 3238 1081 3312; x_wconf 88' lang='lat' dir='ltr'><strong>lapsus</strong></span> <span class='ocrx_word' id='word_1_263' title='bbox 1128 3240 1217 3293; x_wconf 90' lang='lat' dir='ltr'><strong>est</strong></span> <span class='ocrx_word' id='word_1_264' title='bbox 1250 3235 1598 3306; x_wconf 70' lang='lat' dir='ltr'><strong>Gen-senius,</strong></span> <span class='ocrx_word' id='word_1_265' title='bbox 1645 3236 1979 3307; x_wconf 84' lang='lat' dir='ltr'><strong>suorumque</strong></span> <span class='ocrx_word' id='word_1_266' title='bbox 2027 3248 2092 3289; x_wconf 84' lang='lat' dir='ltr'><strong>ac</strong></span> 
     </span>
     <span class='ocr_line' id='line_1_37' title="bbox 239 3321 2093 3400; baseline -0.002 -22"><span class='ocrx_word' id='word_1_267' title='bbox 239 3325 608 3397; x_wconf 87' lang='lat' dir='ltr'><strong>posteriorum</strong></span> <span class='ocrx_word' id='word_1_268' title='bbox 654 3329 966 3400; x_wconf 87' lang='lat' dir='ltr'><strong>temporum</strong></span> <span class='ocrx_word' id='word_1_269' title='bbox 1007 3325 1326 3381; x_wconf 77' lang='lat' dir='ltr'><strong>haereticos</strong></span> <span class='ocrx_word' id='word_1_270' title='bbox 1368 3323 1794 3399; x_wconf 83' lang='lat' dir='ltr'><strong>intemperantia</strong></span> <span class='ocrx_word' id='word_1_271' title='bbox 1828 3321 1995 3377; x_wconf 84' lang='lat' dir='ltr'><strong>animi</strong></span> <span class='ocrx_word' id='word_1_272' title='bbox 2038 3323 2093 3374; x_wconf 88' lang='lat' dir='ltr'><strong>et</strong></span> 
     </span>
     <span class='ocr_line' id='line_1_38' title="bbox 240 3409 2088 3488; baseline -0.002 -22"><span class='ocrx_word' id='word_1_273' title='bbox 240 3411 627 3468; x_wconf 79' lang='lat' dir='ltr'><strong>maledicentia</strong></span> <span class='ocrx_word' id='word_1_274' title='bbox 674 3429 818 3488; x_wconf 80' lang='lat' dir='ltr'><strong>erga</strong></span> <span class='ocrx_word' id='word_1_275' title='bbox 860 3412 1151 3470; x_wconf 78' lang='lat' dir='ltr'><strong>Romanos</strong></span> <span class='ocrx_word' id='word_1_276' title='bbox 1187 3410 1486 3468; x_wconf 82' lang='lat' dir='ltr'><strong>Pontifices</strong></span> <span class='ocrx_word' id='word_1_277' title='bbox 1532 3413 1583 3466; x_wconf 84' lang='lat' dir='ltr'><strong>si</strong></span> <span class='ocrx_word' id='word_1_278' title='bbox 1624 3427 1736 3467; x_wconf 88' lang='lat' dir='ltr'><strong>non</strong></span> <span class='ocrx_word' id='word_1_279' title='bbox 1781 3409 2088 3484; x_wconf 84' lang='lat' dir='ltr'><strong>superavit,</strong></span> 
     </span>
     <span class='ocr_line' id='line_1_39' title="bbox 242 3496 2089 3577; baseline -0.002 -23"><span class='ocrx_word' id='word_1_280' title='bbox 242 3501 506 3574; x_wconf 87' lang='lat' dir='ltr'><strong>aequavit</strong></span> <span class='ocrx_word' id='word_1_281' title='bbox 535 3497 752 3557; x_wconf 78' lang='lat' dir='ltr'><strong>certe.“</strong></span> <span class='ocrx_word' id='word_1_282' title='bbox 826 3499 1041 3573; x_wconf 76' lang='lat' dir='ltr'><strong>Quibus</strong></span> <span class='ocrx_word' id='word_1_283' title='bbox 1065 3502 1393 3558; x_wconf 83' lang='lat' dir='ltr'><strong>recensitis:</strong></span> <span class='ocrx_word' id='word_1_284' title='bbox 1439 3498 1670 3577; x_wconf 80' lang='lat' dir='ltr'><strong>„Haec,</strong></span> <span class='ocrx_word' id='word_1_285' title='bbox 1717 3500 1909 3574; x_wconf 84' lang='lat' dir='ltr'><strong>inquit,</strong></span> <span class='ocrx_word' id='word_1_286' title='bbox 1955 3496 2089 3572; x_wconf 90' lang='lat' dir='ltr'><strong>plu-</strong></span> 
     </span>
    </p>
   </div>
  </div>
 </body>
</html>
