2326 3854
990 117 1609 173 —12—

1209 281 1258 350 §-
1298 283 1386 333 111.

377 384 634 427 Jurisdictio
676 388 860 439 propria
904 388 949 430 S.
983 386 1103 428 Petri
1138 387 1311 428 ratione
1340 387 1562 439 primatus
1590 387 1737 440 ipsius
1765 388 2008 439 singularis
2037 380 2089 431 ac
2118 402 2219 444 per,-

375 446 540 487 sonalis
572 458 622 487 ea
643 447 762 498 fuit,
804 451 855 489 ut
897 447 1047 488 ceteris
1078 447 1277 488 omnibus
1309 448 1439 489 etiam
1470 449 1696 500 Apostolis
1730 451 1944 500 potestate
1976 452 2220 505 ceteroquin

375 506 630 558 aequalibus
662 511 879 559 praeesset
910 518 996 547 non
1028 519 1146 548 mera
1177 507 1345 548 ordinis
1377 511 1418 549 et
1450 507 1650 559 honoris,
1693 508 1768 550 sed
1798 509 2040 560 peculiaris
2068 510 2118 551 in
2146 511 2219 564 ip-

374 578 444 606 sos
475 564 593 614 juris
637 567 944 618 praerogativa
987 567 1096 608 bono
1140 568 1349 618 unitatis,
1387 566 1547 621 jusque
1584 569 1675 621 ipsi
1718 572 1827 610 esset
1864 570 1915 609 in
1957 581 2104 610 omnes
2133 582 2221 612 non

374 627 648 668 distributive
689 629 851 675 solum,
894 627 968 667 sed
1009 628 1137 669 etiam
1179 629 1398 670 collective
1438 633 1602 671 sumtos
1641 629 1699 670 ad
1741 629 1984 671 custodiam
2014 631 2216 673 vinitatis.

374 685 492 728 Idem
532 686 705 726 omnino
742 684 819 735 jus
861 688 1066 738 competit
1105 688 1307 730 similiter
1339 689 1554 731 Romanis
1587 688 1872 740 Pontificibus
1902 692 2220 733 successoribus

374 746 416 789 S.
463 746 606 795 Petri,
660 746 717 786 ad
759 753 882 798 quos'
906 748 1020 788 idem
1058 749 1279 799 primatus
1323 750 1372 790 ob
1413 750 1527 790 idem
1566 749 1756 791 unitatis
1794 751 1951 792 bonum
1989 747 2090 798 jure
2120 763 2218 792 suc-

1067 810 1275 850 cessionis
1309 810 1561 860 pervenit*

513 893 565 944 5.
624 890 914 948 Discrimen
950 895 1224 966 potestatis
1260 895 1396 949 inter
1433 893 1647 948 Petrum
1686 895 1738 949 e’t
1773 897 2085 967 Apostolos,
2126 916 2219 951 nec

369 998 469 1032 non
518 976 655 1034 inter
700 979 969 1034 Romanos
1005 980 1285 1036 Pontifices
1322 981 1380 1036 S.
1422 981 1570 1037 Petri
1615 1001 1939 1037 successores
1990 994 2042 1038 et
2084 985 2218 1041 alios

365 1065 649 1144 Episcopos
709 1085 1032 1123 successores
1084 1068 1446 1142 Apostolorum
1507 1071 1782 1124 notandum
1845 1070 2066 1126 maxime
2120 1081 2216 1126 est.

367 1152 424 1207 S.
465 1153 679 1208 Petrum
719 1166 772 1210 et
807 1155 1090 1230 Apostolos
1128 1176 1304 1216 omnes
1341 1167 1594 1230 potestate
1628 1177 1779 1231 pares
1804 1159 1971 1213 ,fuisse
2001 1170 2216 1231 excepto

364 1252 558 1298 tantum
590 1245 709 1315 jure
744 1245 949 1317 proprio
989 1265 1048 1300 ac
1084 1246 1344 1318 personali
1380 1246 1655 1318 prinnatUS,
1701 1246 1786 1317 qui
1821 1246 1915 1299 fuit
1950 1265 2055 1299 non
2092 1245 2215 1300 meri

365 1329 572 1383 honoris
611 1340 662 1384 et
700 1332 921 1399 ordinis,
960 1334 1050 1387 sed
1079 1333 1381 1406 praecipuae
1412 1333 1780 1406 jurisdictionis
1818 1333 2080 1406 primatuS,
2120 1351 2216 1387 ex-

366 1417 615 1489 ploratum
652 1418 862 1473 fecimus
901 1438 971 1474 ex
1008 1419 1105 1483 iis,
1141 1427 1273 1492 quae
1311 1420 1650 1475 annuentibus
1681 1439 1877 1492 quoque
1907 1420 2215 1476 adversariis

365 1505 625 1560 catholicis
669 1507 992 1579 probavimus
1025 1508 1170 1581 ,libro
1219 1510 1308 1562 De
1355 1512 1409 1561 vi
1445 1528 1512 1562 ac
1547 1512 1762 1562 ‘ratione
1796 1512 2061 1578 primatus
2100 1527 2143 1562 c.
2183 1508 2217 1560 2

365 1602 416 1646 et
452 1593 505 1647 3.
582 1592 674 1647 Ex
706 1595 799 1649 hoc
839 1605 1009 1649 autem
1046 1596 1348 1668 praecipuae
1378 1595 1748 1667 jurisdictionis
1783 1595 2032 1667 primatu,
2069 1613 2215 1665 quem

362 1680 450 1733 uni
486 1680 648 1735 Petro
685 1683 821 1736 inter
859 1682 1141 1754 Apostolos
1182 1680 1418 1738 Christus
1456 1682 1663 1748 tribuit,
1708 1685 1796 1755 jus
1832 1683 2029 1754 aliquod
2067 1701 2216 1755 pecu-

360 1768 489 1823 liare
537 1769 637 1842 ipsi
682 1770 851 1824 debuit
898 1780 1212 1843 competere,
1269 1771 1398 1842 quod
1445 1769 1557 1824 aliis
1596 1787 1857 1824 commune
1895 1789 1995 1824 non
2033 1770 2213 1824 fuerit:

362 1857 488 1912 alias
537 1857 782 1931 primatus
832 1858 990 1931 ipsius
1035 1876 1183 1912 mane
1220 1876 1405 1912 nomen
1443 1858 1620 1912 fuisset
1658 1858 1785 1913 meri
1824 1858 2060 1924 honoris,
2111 1877 2213 1912 non

353 1945 502 2016 juris.
581 1945 693 2000 Hoc
740 1965 894 2018 porro
945 1947 1024 2017 jus
1070 1945 1319 2017 primatus
1366 1945 1623 2018 proprium
1673 1964 1744 1999 ex
1781 1945 1881 1999 fine
1915 1946 2211 2001 instituendi

358 2032 520 2105 ipsius
574 2034 822 2106 primatus
871 2043 950 2087 est
999 2032 1327 2104 colligendum
1375 2032 1528 2106 (Vid.
1576 2033 1657 2086 lib.
1705 2028 1798 2086 De‘
1825 2033 1877 2087 vi
1913 2052 1973 2086 ae
1995 2033 2212 2087 'ratione

357 2120 602 2192 primatus
640 2139 682 2176 c.
721 2121 758 2175 8
797 2118 848 2174 et
884 2120 999 2192 9.)=
1054 2120 1139 2191 qui
1176 2134 1286 2174 cum
1323 2121 1386 2173 ob
1423 2121 1739 2177 formandam
1771 2130 1824 2174 et
1850 2130 2094 2192 perpetuo
2127 2139 2212 2174 cu-

359 2208 671 2266 stodiendam
705 2208 760 2261 in
790 2218 901 2262 tota
924 2207 1157 2262 Ecclesia
1191 2207 1434 2262 unitatem
1459 2207 1614 2263 fuerit
1637 2208 1900 2262 institutus
1925 2226 1956 2261 a
1983 2205 2210 2274 Christo,

351 2299 437 2368 jus
498 2297 561 2350 ad
611 2296 737 2350 hane
784 2296 944 2350 totius
993 2294 1258 2350 Ecclesiae
1303 2296 1573 2350 unitatem‘
1599 2292 2014 2368 compingendam
2062 2306 2210 2366 atque

356 2385 593 2438 tuendam
641 2384 960 2457 praecipuum
999 2381 1058 2438 S.
1099 2382 1260 2437 Petro
1311 2384 1543 2437 collatum
1594 2383 1752 2437 fuisse
1801 2384 2061 2437 dicendum
2110 2394 2207 2449 est,

357 2491 453 2542 quo
503 2489 680 2526 omnes
737 2468 1020 2525 Christiani
1070 2471 1130 2524 ad
1183 2470 1427 2531 unitatem
1479 2481 1747 2542 cogantur.
1823 2470 1937 2525 Hoc
1956 2526 1958 2530 ‚
1978 2473 2096 2542 jure
2147 2470 2206 2524 S.

356 2557 548 2612 Petrus
592 2558 890 2631 praestabat
941 2557 1171 2611 omnibus
1211 2557 1362 2611 etiam
1400 2558 1664 2629 Apostolis
1703 2557 1904 2611 ratione
1940 2557 2206 2629 primatuS,

357 2647 481 2700 adeo
517 2656 574 2699 ut
609 2646 726 2700 licet
762 2644 813 2698 hi
850 2643 962 2698 aliis
996 2642 1312 2717 Apostolicis
1349 2645 1671 2699 facultatibus
1709 2643 1871 2698 Petro
1909 2655 2095 2721 essent.
2121 2663 2205 2699 ae·

356 2733 560 2804 qualeS,
610 2733 664 2785 in
708 2735 826 2805 jure
872 2738 1041 2785 tamen
1093 2732 1307 2804 cogendi
1345 2732 1406 2785 ad
1442 2732 1688 2786 unitatem
1723 2734 1990 2786 subessent
2024 2731 2204 2799 Petro,

355 2820 535 2893 quippe
584 2819 668 2892 qui
713 2820 960 2874 debebant
1007 2819 1252 2873 unitatem
1297 2839 1407 2873 cum
1444 2820 1553 2892 ipso
1591 2829 1834 2890 tanquam
1871 2819 2082 2874 unitatis
2119 2838 2204 2875 ca-

353 2908 570 2971 tholicae
621 2918 798 2977 centro
848 2926 1062 2963 servare
1099 2907 1442 2962 necessariam
1481 2906 1772 2976 Ecclesiae,
1830 2907 2062 2961 nimirum
2101 2926 2204 2971 non

354 2995 514 3056 solum
562 2995 810 3050 unitatem
861 2993 1255 3064 communioniS,
1314 2997 1403 3050 sed
1454 2996 1632 3061 etiam,
1693 2996 1842 3048 immo
1887 2993 2202 3066 potissimum

353 3083 464 3137 fidei
503 3083 777 3149 unitatem,
828 3101 956 3154 quae
1002 3083 1169 3155 potior
1218 3093 1298 3137 est
1336 3082 1599 3138 Ecclesiae
1640 3082 1835 3149 unitas3
1900 3091 1952 3136 et
1987 3081 2038 3134 in
2078 3100 2200 3134 ean-

352 3171 461 3223 dem
496 3171 743 3225 unitatem
768 3169 1056 3240 EcclesiaS,
1097 3188 1222 3241 quas
1259 3171 1629 3236 aedificabant,-
1651 3180 1702 3224 et
1726 3167 2036 3242 Episcopus,
2076 3187 2201 3240 quos

353 3319 416 3357 vis
447 3322 587 3359 autem
618 3321 821 3372 primatus
853 3321 897 3359 in
931 3316 1132 3361 unitatem
1165 3320 1284 3367 fidei,
1335 3330 1443 3370 quac
1473 3319 1695 3360 Ecclesiae
1739 3322 1804 3357 est
1847 3319 2023 3358 maxime
2055 3329 2198 3358 neces·
2254 3322 2269 3330 “

352 3377 488 3427 saria,
534 3379 635 3419 sede
675 3381 802 3422 etiam
843 3384 1047 3432 vacante,
1093 3380 1210 3431 viget
1242 3379 1285 3419 in
1317 3377 1553 3420 Pontificiis
1580 3377 1901 3432 ,definitionibus
1933 3378 2197 3429 decretisque

353 3438 624 3490 dogmaticis,
660 3453 768 3492 quae
801 3439 1077 3480 Pontificibus
1108 3441 1281 3482 mortuis
1313 3439 1397 3480 vim
1428 3451 1546 3479 suam
1577 3450 1660 3479 non
1693 3439 1903 3482 amittunt.
