2326 3854
950 106 1123 112 *-
1219 73 1566 130 72-

334 250 526 294 contra
587 245 814 295 senioris
866 243 1071 293 Romae
1131 243 1424 309 Pontifices
1472 243 1782 292 sententiam
1840 243 2038 294 dicere.
2126 240 2183 292 In

335 339 485 382 textu
529 347 713 400 graeco
765 329 970 382 verbum
1009 326 1382 395 ἀποφέρεσθαι
1420 325 1624 396 legitur,
1675 325 1806 395 quod
1844 325 1924 379 hic
1960 328 2183 380 redditur

334 421 649 470 sententiam
686 417 881 467 dicere.
957 413 1032 463 At
1069 412 1113 464 si
1150 412 1252 467 vim
1291 416 1399 485 ejus
1437 411 1579 467 verbi
1604 411 1860 483 propriam
1886 422 2184 484 spectemuS‚

338 503 592 575 significat
641 501 804 574 potius
861 504 916 555 in
949 505 1048 570 jus
1102 519 1297 554 vocare
1349 499 1768 570 subintelligendo
1816 496 2056 567 γραφήν,
2104 501 2188 554 vel

336 592 503 658 δίκην,
544 607 671 660 quae
709 586 924 638 formula
963 596 1042 640 est
1079 587 1334 641 usitatior.
1414 584 1521 642 Cur
1558 605 1681 641 vero
1721 585 1945 657 generali
1993 585 2188 657 synodo

339 695 442 729 non
480 675 632 728 liceat
680 671 781 725 nisi
831 691 919 744 per
955 673 1312 746 impudentiam
1352 684 1504 744 atque
1541 674 1879 727 temeritatem
1926 672 2190 726 Romanos

336 762 615 815 Pontifices
673 760 726 812 in
768 759 1009 831 judicium
1058 779 1274 826 vocare,
1340 771 1427 813 aut
1476 771 1655 814 contra
1693 760 1833 833 ipsos
1887 760 2188 813 sententiam

337 848 529 914 dicere,
568 847 654 900 ubi
691 848 843 901 rebus
882 847 1128 920 expensis
1168 866 1320 901 causa
1350 850 1494 919 justa
1532 847 1794 912 credatur,
1841 847 1886 901 si
1920 847 2193 918 legitimam

340 953 491 1007 super
540 935 680 1007 ipsos
727 936 968 1006 generale
1018 934 1280 987 concilium
1333 934 1738 1005 jurisdictionem
1788 933 2004 986 habeat?
2079 932 2192 987 Hoc

340 1021 693 1076 oecumenicae
733 1022 916 1094 synodi
952 1021 1296 1076 testimonium
1335 1022 1458 1074 nulli
1497 1019 1774 1073 obnoxium
1813 1021 2193 1076 controversiae

341 1119 579 1180 quantum
618 1119 844 1182 praestet
880 1110 992 1163 aliis
1033 1108 1337 1179 quibuslibet
1363 1107 1662 1181 posterioris
1703 1106 1817 1162 aevi
1853 1118 1904 1161 et
1938 1107 2194 1162 inferioris

339 1197 524 1262 multo,
565 1207 651 1249 aut
697 1196 926 1249 nutantis
978 1195 1324 1260 auctoritatis,
1373 1214 1500 1265 quae
1546 1196 1608 1247 ab
1655 1194 1962 1249 adversariis
2014 1195 2197 1267 opponi

340 1285 523 1349 solent,
561 1283 709 1338 facile
747 1293 826 1336 est
855 1282 1103 1354 judicare.
1181 1281 1279 1335 Hic
1319 1291 1456 1335 certe
1482 1282 1736 1353 generalis
1764 1280 1977 1336 Concilii
2015 1301 2195 1349 canon,

342 1388 438 1439 quo
483 1369 713 1423 <Romani
760 1367 1039 1422 Pontifices
1092 1370 1154 1421 ab
1199 1369 1552 1423 oecumenicae
1600 1388 1796 1439 quoque
1846 1370 2030 1441 synodi
2079 1388 2198 1424 sen-

341 1456 501 1510 tentia
542 1467 691 1528 atque
723 1456 1078 1528 jurisdictione
1117 1456 1508 1525 subtrahuntur,
1549 1456 1675 1508 satis
1714 1475 1961 1528 superque
1999 1475 2197 1510 omnem

341 1562 617 1614 excessuS,
675 1554 763 1598 aut
813 1543 1176 1597 assentationis
1233 1554 1403 1596 notam
1463 1543 1682 1614 detergit
1739 1544 1800 1596 ab
1853 1562 1912 1596 eo
1970 1543 2199 1614 generali

342 1631 628 1697 axiomate‚
670 1633 864 1684 Prima
902 1634 1054 1684 sedes
1092 1650 1219 1684 non·
1222 1633 1513 1703 judicatur
1554 1652 1588 1683 a
1627 1651 1920 1702 quoquam,
1961 1631 2091 1700 quod
2127 1649 2199 1684 ex

345 1718 648 1789 antiquitate
685 1737 744 1772 ac
783 1738 853 1773 ex
892 1719 1107 1792 quodam
1146 1717 1389 1790 principio
1429 1718 1652 1772 naturali
1689 1719 2059 1791 depromptum,
2108 1736 2198 1789 ge-

345 1805 535 1858 neralis
575 1825 772 1876 quoque
813 1807 1011 1861 concilii
1041 1809 1127 1878 jus
1177 1806 1230 1858 in
1269 1824 1577 1858 summorum
1615 1804 1915 1859 Pontificum
1955 1824 2200 1880 personas

345 1892 604 1946 evidenter
642 1895 882 1948 excludit.
940 1891 1020 1946 Ea
1055 1912 1180 1957 vero
1218 1891 1459 1946 Bossueti
1497 1892 1767 1964 explicatio
1808 1893 1924 1964 (lib.
1969 1893 2052 1946 10.
2092 1890 2198 1946 De-

343 1982 471 2032 fens.
502 1998 545 2032 c.
576 1981 716 2049 210,
754 2000 852 2052 qua
892 1982 1101 2034 eundem
1140 1980 1308 2034 octavi
1347 1977 1561 2033 Concilii
1601 1998 1845 2034 canonem
1883 1979 2199 2050 restringen-

344 2067 456 2118 dum
495 2076 636 2138 putat
677 2069 737 2121 ad
776 2087 864 2123 eos
903 2087 1050 2122 casus
1064 2075 1086 2136 ,’
1129 2069 1188 2121 de
1237 2068 1414 2138 quibus
1452 2066 1671 2120 Photius
1718 2077 1898 2122 eontra
1933 2066 2199 2121 Nicolaum

344 2152 644 2208 Pontificem
684 2156 818 2227 egit,
869 2156 1249 2227 haudquaquam
1289 2155 1523 2227 congruit
1573 2154 1898 2225 generalibus
1943 2154 2078 2207 illius
2117 2173 2201 2207 ca-

346 2241 495 2294 nonis
532 2243 730 2308 verbiS‚
785 2262 912 2313 quae
959 2245 1018 2297 de
1058 2243 1432 2314 quibuscunque
1490 2241 1854 2297 controversiis
1901 2251 1953 2295 et
2003 2240 2202 2295 casibus

348 2327 483 2381 circa
531 2327 818 2382 Romanam
863 2328 1147 2384 Ecclesiam
1197 2341 1283 2384 aut
1334 2348 1554 2383 summos
1611 2329 1887 2383 Pontifices
1935 2329 2202 2399 aliquando

349 2415 667 2483 excitandis,
709 2427 760 2470 et
798 2418 860 2470 ad
897 2419 1268 2472 oecumenicam
1308 2419 1555 2490 synodum
1605 2417 1874 2472 afferendis
1912 2416 2204 2486 generalem

347 2502 572 2573 regulam
623 2505 952 2558 constituunt.
1040 2504 1223 2574 Neque
1273 2523 1383 2558 cum
1436 2506 1610 2558 eodem
1657 2503 1911 2558 Meldensi
1946 2501 2201 2574 Episcopo

346 2607 581 2661 reponaS‚
620 2589 782 2661 ipsum
822 2611 1065 2655 canonem
1106 2591 1446 2662 accipiendum
1483 2591 1542 2644 de
1582 2591 1782 2644 casibus
1820 2590 2111 2660 vulgaribus
2152 2599 2203 2642 et

347 2675 646 2742 ordinariis,
686 2696 896 2747 quorum
935 2697 1087 2733 causa
1125 2677 1488 2753 convocatione
1535 2677 1719 2750 synodi
1768 2676 2024 2749 generalis
2063 2675 2205 2730 Pon-

346 2763 551 2817 tificiam
596 2766 915 2836 majestatem
969 2767 1223 2819 lacessere
1262 2773 1400 2818 esset
1435 2784 1628 2818 revera
1665 2767 2205 2834 impudentissimum3

347 2869 450 2903 non
489 2861 656 2904 autem
681 2851 1057 2924 intelligendum
1097 2853 1157 2904 de
1194 2851 1392 2904 casibus
1432 2851 1856 2905 extraordinariis
1896 2871 1927 2905 a
1953 2850 2208 2906 Constan-

349 2938 502 2992 tiensi
540 2939 733 3010 synodo
772 2938 1094 3004 memoratis,
1134 2939 1187 2990 in
1226 2939 1406 3009 quibus
1443 2949 1639 2993 tantum
1672 2939 2044 2994 oecumenicam
2082 2957 2205 3012 syn-

351 3027 496 3079 odum
546 3044 696 3098 posse
754 3026 814 3078 de
863 3025 1066 3079 summis
1105 3025 1436 3080 Pontificibus
1467 3027 1696 3100 judicare
1734 3026 1955 3099 pluribus
1993 3026 2046 3079 in
2083 3025 2206 3080 locis

355 3113 667 3186 pronuntiat.
754 3111 808 3165 Id
857 3113 990 3168 enim
1039 3113 1136 3167 etsi
1183 3114 1236 3167 in
1285 3114 1502 3187 speciem
1551 3112 1837 3169 conciliaris
1887 3112 2207 3167 auctoritatis

351 3201 728 3256 restrictionem
779 3220 837 3255 ac
886 3201 1278 3256 moderationem
1332 3198 1586 3274 praeferat
1625 3198 1846 3272 (Confer
1894 3199 2028 3253 infra
2066 3219 2110 3254 c.
2150 3201 2204 3255 9.

352 3307 403 3339 n.
445 3288 563 3359 2.);
605 3308 662 3342 re
698 3299 870 3342 tamen
910 3307 1016 3343 cum
1059 3289 1315 3362 principiis
1346 3288 1476 3360 juris
1516 3307 1619 3342 non
1657 3286 1911 3342 convenit.
1989 3284 2048 3340 Si
2074 3287 2207 3341 enim

354 3372 583 3428 Concilio
634 3376 860 3446 generali
917 3396 1007 3448 per
1056 3396 1111 3431 se
1151 3379 1236 3451 jus
1297 3363 1435 3431 esset
1483 3394 1636 3447 supra
1682 3373 1875 3446 Papam
1925 3375 1977 3427 in
2030 3385 2207 3428 extra-
