2326 3854
902 230 1089 266 XXXIII

101 375 262 448 verit,
307 389 406 446 per
436 370 830 427 Annotationes
864 375 918 426 et
947 368 1469 433 Animadversioncs
1494 366 1732 423 Lucensi
1764 383 1905 441 ope-

101 478 219 514 rum
249 458 468 514 Natalis
509 458 730 512 editioni
761 459 994 511 insertas
1027 453 1416 511 Constantinus
1447 453 1765 528 Roncaglia
1803 471 1905 509 so-

101 546 210 601 lide
237 546 474 600 evincit..
511 542 855 615 Quapropter
879 542 1084 597 haecce
1107 541 1376 596 Lucensis
1408 541 1695 595 emendata
1719 539 1905 609 editio,

103 632 315 687 sublata
359 631 520 684 etiam
551 629 1129 701 excommunicatione,
1175 626 1445 682 Brevibus
1474 626 1775 682 Innocentii
1797 626 1904 681 XI.

102 718 188 772 die
237 716 335 771 10.
365 714 500 769 Julii
536 712 755 788 1684,
813 715 872 769 6.
905 711 1113 786 Aprilis
1152 713 1340 770 1685.
1387 718 1441 768 et
1483 715 1587 770 26.
1622 712 1908 768 Februarii

108 801 288 858 1687.
320 802 454 868 lata,
500 801 825 873 permittitur
853 792 1097 854 Decreto
1143 798 1204 854 8.
1225 799 1362 854 Julii
1389 800 1576 857 1754.
1644 796 1906 855 Ceterum

101 888 298 944 multus
344 888 508 941 etiam
531 885 750 941 Natalis
797 889 882 940 est
925 887 978 939 in
1022 885 1330 959 carpendiS,
1377 903 1512 958 quos
1556 885 1906 961 praeiudicii-s

101 975 212 1029 suis
258 975 648 1046 circumseptus
695 976 820 1027 ante
867 971 1054 1027 oculos
1098 972 1285 1040 habet,
1333 973 1587 1026 abusibus
1612 971 1905 1027 Romano-

100 1078 217 1116 rum
246 1058 568 1114 Pontificum
583 1076 609 1114 z·
647 1062 834 1114 contra
865 1069 1023 1130 quam
1052 1057 1541 1131 petulantissimam
1571 1059 1906 1131 improbam-

100 1163 204 1221 que
248 1145 603 1200 maledicendi
659 1145 941 1199 lasciviam
998 1144 1267 1199 calamum
1321 1145 1599 1218 stringens
1638 1145 1721 1198 cl.
1766 1143 1906 1198 Ma-

99 1232 343 1288 machius
387 1236 515 1287 tom.
540 1230 583 1286 Ι.
631 1232 788 1304 epist.
812 1229 912 1284 111.
957 1247 1090 1304 pag.
1113 1229 1262 1285 257.
1337 1223 1670 1305 „Liceatne,
1715 1231 1904 1303 inquit,

99 1321 334 1394 privato,
367 1319 568 1373 abusus
601 1316 962 1372 condemnare
995 1333 1138 1391 eum,
1165 1318 1251 1389 qui
1285 1318 1560 1372 excubans
1591 1318 1645 1371 in
1681 1317 1908 1391 specula

97 1406 378 1479 consistat,
426 1405 604 1459 omnia
635 1404 1053 1478 circumspiciat,
1099 1406 1478 1476 potestateque
1509 1407 1692 1458 utatur
1721 1405 1818 1478 ita,
1849 1406 1909 1457 ut

99 1509 131 1546 e
161 1507 222 1546 re
255 1491 552 1546 christiana
580 1490 794 1564 publica
826 1506 951 1544 esse
981 1487 1134 1562 putet
1137 1527 1318 1544 .....
1363 1488 1622 1545 Profecto
1660 1491 1707 1544 si
1739 1488 1906 1566 (Na-

98 1574 260 1652 talis)
307 1577 707 1632 considerasset
736 1575 1338 1651 animadvertissetque,
1384 1593 1491 1631 non
1523 1593 1648 1631 esse
1688 1578 1807 1632 ovis
1839 1576 1906 1630 de

99 1662 346 1718 Pastoris
391 1663 615 1718 consilio
653 1662 938 1733 judicare3
994 1679 1101 1716 non
1147 1678 1213 1717 eo
1261 1679 1388 1717 sese
1446 1663 1617 1735 abripi
1663 1664 1906 1737 sivisset,

100 1755 159 1804 ut
202 1749 251 1803 id
285 1750 338 1802 in
362 1747 709 1804 Pontificibus
755 1747 1206 1823 reprehenderet,
1252 1748 1394 1821 quod
1430 1749 1484 1802 in
1529 1749 1905 1822 aliisproba—

99 1839 186 1890 ret
226 1835 616 1909 laudaretque,
681 1851 904 1908 quorum
949 1835 1132 1908 gratia
1188 1835 1241 1888 in
1267 1859 1270 1862 >
1299 1834 1404 1890 hoc
1461 1839 1737 1890 certamen
1797 1834 1904 1889 de-

98 1922 403 1976 scenderat.
417 1918 457 1953 ‘⁶
1098 1944 1106 1947 ἢ
1418 1970 1421 1971 ⁷

225 2006 315 2062 Ad
360 2004 650 2061 Claudium
677 2005 915 2082 Fleury,
959 2005 1239 2062 Historiae
1277 2005 1711 2063 Ecclesiasticae
1757 2009 1905 2062 scri-

95 2097 307 2166 ptorem
338 2093 478 2166 quod
510 2094 719 2168 attinet,
752 2094 858 2148 iste
889 2094 1123 2148 animum
1153 2095 1382 2167 turpiter
1411 2094 1744 2149 malevolum
1773 2092 1905 2149 Ro·—

98 2182 270 2234 manis
314 2178 661 2235 Pontificibus
707 2183 1036 2252 sanctaeque
1080 2178 1234 2234 Petri
1278 2177 1413 2235 Sedi
1465 2182 1597 2235 satis
1656 2182 1710 2235 in
1765 2197 1904 2258 pro-

101 2265 288 2338 patulo
319 2269 374 2320 et
403 2271 591 2340 aperto
622 2265 804 2320 habet.
869 2264 1132 2321 Historici
1162 2267 1421 2339 imprimis
1453 2270 1558 2342 est,
1589 2283 1680 2321 res
1713 2270 1906 2342 gestas

102 2367 203 2404 seu
249 2350 720 2406 factamemoriae
767 2351 955 2425 digna,
1001 2353 1119 2406 sive
1152 2352 1326 2424 elapsi
1358 2353 1477 2407 sive
1509 2355 1592 2406 sui
1621 2355 1905 2427 temporiS,

102 2437 219 2490 sine
247 2440 478 2509 partium
510 2437 716 2510 studio,
763 2453 940 2509 neque
976 2436 1259 2509 quidquam
1291 2437 1527 2492 alienum
1558 2437 1904 2494 admiscendo

8 2564 11 2566 —
99 2537 295 2597 neque,
342 2523 481 2594 quod
528 2539 558 2577 e
602 2539 664 2576 re
719 2526 838 2596 est,
885 2522 1240 2598 decurtando,
1288 2524 1432 2578 omni
1477 2542 1598 2578 cum
1642 2523 1904 2579 fidelitate

98 2608 326 2662 referre.
397 2604 877 2663 considerationes
910 2608 1107 2663 breves
1152 2614 1313 2681 atque
1360 2611 1440 2664 rei
1485 2611 1727 2687 innixae,
1766 2612 1903 2684 qui-

97 2695 196 2748 bus
242 2711 303 2749 se
339 2694 580 2765 jucunde
624 2695 934 2767 utiliterque
980 2696 1204 2750 retineri
1234 2696 1408 2751 lector
1440 2696 1585 2751 haud
1632 2699 1903 2772 gravabi-

97 2786 216 2854 tur,
280 2796 349 2834 ne
392 2782 607 2836 omnino
666 2780 874 2853 quidem
933 2783 1284 2836 necessariae
1330 2786 1490 2857 sunt,
1553 2785 1677 2855 quin
1724 2785 1902 2857 potius

97 2865 242 2920 haud
285 2881 410 2920 raro
455 2866 529 2943 de
567 2868 801 2939 partium
844 2866 1019 2921 studio
1051 2867 1366 2923 historicum
1407 2873 1718 2942 suspectum
1763 2869 1901 2924 red-

100 2950 246 3006 dunt.
313 2949 456 3005 Dein
489 2953 743 3007 observet
771 2968 1006 3006 necesse
1038 2956 1123 3007 est
1150 2951 1444 3009 Ecclesiae
1474 2955 1764 3011 historicus
1798 2972 1901 3011 ce-

97 3038 247 3098 lebre
292 3036 427 3092 illud
473 3035 537 3092 S.
584 3035 879 3111 Augustini
923 3040 1181 3093 monitum
1225 3041 1278 3094 in
1325 3042 1484 3114 epist.
1510 3042 1613 3097 54.
1658 3042 1727 3096 ad
1771 3041 1901 3096 Jan.

98 3122 208 3198 „Si
255 3123 379 3196 quid
421 3125 682 3179 universa
726 3139 825 3196 per
869 3123 1054 3179 orbem
1099 3124 1408 3197 frequentat
1450 3125 1729 3203 Ecclesia,
1777 3127 1902 3199 quin

98 3210 173 3263 ita
194 3208 499 3264 faciendum
524 3212 596 3265 sit
618 3212 918 3283 disputare,
942 3209 1455 3265 intolerantissimae
1479 3213 1726 3267 insaniae
1751 3209 1899 3267 est.“

99 3292 306 3362 Quodsi
342 3292 607 3351 Claudius
645 3296 861 3365 Fleury
906 3293 975 3349 ad
1005 3294 1174 3349 hasce
1205 3296 1434 3370 regulas
1466 3299 1700 3352 animum
1743 3301 1898 3354 sem-

97 3397 195 3452 per
216 3382 558 3458 attendisset,
590 3384 708 3438 sine
733 3381 890 3437 dubio
915 3381 1264 3440 abstinuisset
1301 3400 1335 3436 a
1368 3384 1662 3458 peramplis
1694 3402 1898 3458 super-

99 3465 322 3538 fluisque
371 3472 426 3522 et
470 3468 538 3523 ad
568 3486 830 3525 nauseam
875 3483 1047 3538 usque
1078 3469 1322 3540 repetitis
1354 3470 1895 3540 considerationibuS‚

155 3565 201 3598 P.
234 3566 382 3602 Baller.
416 3568 463 3602 de
496 3571 696 3605 Potestate
729 3574 803 3607 etc.
1524 3584 1551 3619 C
