2326 3854
940 129 1606 186 ——160—

345 291 534 346 tionem
590 293 978 363 facultatumque
1033 291 1414 366 Episcopalium
1483 296 1876 350 moderationem
1945 310 1996 354 et
2060 319 2203 355 usum

343 377 742 434 Ecclesiasticae
778 379 1046 451 potestatis
1084 379 1404 453 dispositioni
1442 383 1669 455 reliquit3
1708 383 1932 455 haecque
1957 387 2020 438 ad
2056 387 2203 442 disci-

343 466 509 539 plinae
547 466 808 520 materiem
858 466 1140 538 pertinent,
1190 487 1319 540 quae
1364 470 1567 525 variare
1614 481 1811 544 potest,
1857 471 1903 525 si
1939 469 2204 529 Ecclesiae

342 555 476 607 bono
515 552 770 626 expediat.

489 641 536 695 7.
612 638 697 694 Ne
733 658 858 695 vero
896 640 950 694 in
987 641 1081 696 hac
1117 642 1226 698 sive
1265 643 1564 700 dioeceseon
1603 646 1711 701 sive
1749 646 2041 701 facultatum
2077 644 2202 720 Epi-

342 727 615 799 scopalium
651 727 1001 782 moderatione
1038 747 1130 783 seu
1175 730 1476 786 limitatione
1513 731 1782 788 Pontificio
1819 733 1926 806 juri
1972 733 2202 789 subordi-

342 823 465 868 nata
483 854 498 881 ,
547 814 787 868 effraenis
844 815 913 868 sit
957 815 1269 887 dominatus,
1321 818 1408 888 qui
1451 819 1600 874 nullis
1647 821 1845 892 legibus
1893 821 2200 876 constrictus

341 920 434 974 pro
474 901 707 983 arbitrio⁶
724 912 1000 974 evagetur,
1046 913 1102 957 et
1146 903 1380 958 licentius
1430 916 1704 974 excurrat3
1752 906 1926 980 Papae
1971 917 2202 980 potestas

340 988 394 1041 in
429 988 480 1042 id
518 989 744 1062 subjecta
781 1000 861 1044 est
895 990 968 1043 illi
1005 991 1227 1044 naturali
1265 1000 1417 1062 atque
1455 993 1654 1049 divinae
1701 993 1804 1065 legi
1842 1007 1898 1048 ‘a.
1938 991 1996 1049 S.
2035 993 2202 1049 Paulo

341 1086 679 1131 memoratam
722 1078 976 1132 Potestas
1015 1099 1050 1132 a
1087 1080 1212 1132 Deo
1261 1082 1318 1132 in
1357 1082 1818 1151 aedificationem,
1871 1101 1981 1134 non
2018 1085 2075 1135 in
2114 1085 2200 1137 de-

340 1168 706 1218 structionem.
785 1161 935 1233 Quod
970 1165 1024 1224 in
1062 1166 1457 1221 destructionem
1493 1165 1759 1223 Ecclesiae
1797 1177 2064 1241 vergeret,
2089 1219 2094 1223 .
2115 1170 2203 1223 ab·

338 1269 464 1305 usus
503 1261 641 1306 esset
676 1253 945 1325 potestatis
983 1251 1316 1321 Pontificiae3
1364 1272 1486 1308 usus
1541 1255 1785 1326 siquidem
1830 1255 2084 1328 legitimus
2121 1256 2204 1311 ille

340 1339 477 1392 solus
533 1349 643 1406 est,
706 1339 792 1410 qui
847 1339 1215 1409 aedificationi,
1269 1341 1320 1394 id
1376 1350 1457 1394 est
1519 1342 1718 1415 publico
1753 1340 2018 1398 Ecclesiae
2071 1343 2202 1396 bono

340 1425 572 1482 inservit.
1169 1437 1171 1441 ·

483 1514 538 1568 8.
616 1510 747 1568 Cum
783 1511 1073 1570 Febronius
1122 1515 1262 1570 hisce
1298 1516 1547 1570 naturalis
1584 1535 1644 1572 ac
1679 1517 1879 1573 divinae
1924 1517 2053 1589 legis
2089 1517 2202 1571 fini-

339 1602 451 1668 huS,
490 1620 615 1672 quos
655 1602 924 1655 abutentes
962 1612 1217 1674 potestate
1241 1603 1431 1657 tradita
1466 1604 1761 1674 transgredi
1797 1622 1898 1658 non
1937 1614 2202 1671 verentur,

341 1690 720 1760 haudquaquam
759 1697 1057 1755 contentus,
1106 1699 1411 1762 potestatem
1447 1688 1764 1744 Pontificiam
1813 1692 2047 1748 revocari
2091 1693 2202 1748 vult

339 1777 402 1829 ad
441 1795 691 1850 canonum
729 1776 1051 1847 antiquorum
1088 1795 1346 1846 normam3
1379 1796 1459 1832 ‘ea
1508 1777 1744 1850 opinione
1788 1778 2052 1846 innititur,
2098 1798 2199 1850 qua

337 1848 598 1917 Summuin
635 1862 939 1918 Pontificem
977 1866 1183 1936 ejusque
1220 1865 1573 1920 auctoritatem
1618 1865 1671 1920 vi
1708 1866 1966 1922 coactivae
2014 1875 2066 1920 et
2096 1866 2202 1938 juri

339 1970 589 2005 canonum
638 1946 850 2006 subesse
911 1951 1193 2006 existimat.
1282 1951 1466 2024 Opinio
1527 1971 1651 2008 vero
1714 1954 1959 2025 ejusmodi
2007 1973 2077 2008 ex
2136 1972 2198 2008 eo

336 2038 583 2111 principio
621 2039 874 2106 dimanat,
931 2057 1030 2109 quo
1080 2039 1248 2093 claves
1287 2048 1340 2092 et
1379 2039 1666 2111 jurisdictio
1702 2038 2067 2095 Ecclesiastica
2102 2040 2201 2112 ipsi

335 2125 602 2180 Ecclesiae
638 2125 923 2179 immediate
959 2125 1177 2180 traditae
1214 2126 1475 2192 dicuntur,
1523 2145 1714 2198 eaeque
1751 2127 1826 2182 sic
1864 2128 1926 2182 ab
1963 2125 2197 2182 Ecclesia

338 2211 546 2268 Summo
583 2212 824 2268 Pontifici
861 2224 914 2268 et
948 2212 1216 2286 Episcopis
1251 2223 1492 2285 tanquam
1543 2214 1648 2266 suis
1693 2214 1943 2268 ministris
1981 2233 2200 2269 commu-

337 2300 502 2355 nicari
540 2298 794 2372 (Fehron.
835 2320 877 2355 c.
921 2301 970 2355 1.
1024 2301 1072 2370 ἓ.
1111 2300 1164 2355 6.
1223 2319 1275 2354 n.
1315 2301 1370 2354 3.
1419 2310 1461 2354 t'.
1504 2302 1554 2356 1.
1595 2320 1712 2374 pag.
1754 2302 1885 2375 18),
1930 2311 1986 2355 ut
2031 2302 2196 2357 omnis

336 2388 550 2442 istorum
588 2388 878 2460 jurisdictio
928 2389 1146 2463 pendeat
1194 2388 1256 2441 ab
1313 2386 1577 2443 Ecclesiae
1612 2390 1873 2444 voluntate
1930 2408 1989 2444 ac
2044 2390 2198 2444 bene-

337 2476 548 2547 placito3
588 2477 721 2546 quod
759 2485 872 2530 cum
908 2475 962 2529 in
1000 2475 1324 2530 conciliorum
1363 2477 1664 2547 praesertim
1690 2477 2000 2548 generalium
2038 2477 2198 2549 ipsam

336 2561 622 2617 Ecclesiam
661 2563 1153 2634 repraesentantium
1201 2563 1480 2616 canonibus
1526 2564 1810 2617 declaretur
1827 2601 1843 2632 ,
1893 2580 1996 2616 non
2034 2565 2196 2616 solum

335 2648 732 2722 Episcoporum,
783 2648 872 2701 sed
917 2646 1222 2703 Pontificum
1280 2648 1432 2703 etiam
1483 2667 1790 2702 summorum
1844 2658 2073 2721 potestas
2122 2649 2197 2702 ita

335 2736 460 2809 ipsis
499 2735 776 2790 canonibus
815 2733 1064 2807 adstringi
1101 2736 1455 2803 creditur,‘uti
1491 2737 1666 2807 subest
1688 2734 1970 2802 Ecclesiae,
2007 2736 2061 2789 in
2097 2754 2196 2807 qua

336 2835 495 2878 totam
536 2812 942 2895 jurisdictionem
990 2823 1240 2878 contineri
1286 2843 1389 2877 non
1427 2824 1672 2878 dubitant.
1748 2822 1862 2877 Hoc
1895 2841 2021 2879 vero
2057 2822 2196 2895 prin-

337 2912 517 2984 cipium
557 2911 617 2964 de
655 2910 879 2967 clavibus
927 2910 1214 2982 immediate
1256 2911 1458 2965 traditis
1507 2910 1604 2983 ipsi
1639 2908 1903 2965 Ecclesiae
1941 2929 2002 2964 eo
2040 2928 2194 2964 sensu

337 3009 626 3072 acceptum,
679 3018 777 3070 quo
825 3000 1107 3052 Ecclesiae
1163 2999 1367 3053 nomine
1413 3016 1589 3052 omnes
1645 3016 1748 3051 non
1797 2998 1958 3063 solum
2004 2996 2193 3062 clerici,

338 3088 426 3141 sed
464 3086 617 3145 etiam
653 3086 768 3140 laici
806 3096 958 3157 atque
996 3085 1234 3142 mulieres
1273 3087 1335 3140 ad
1358 3076 1623 3140 Ecclesiae
1660 3102 1841 3157 corpus
1877 3083 2193 3156 pertinentes

336 3174 847 3246 comprehendantur,
885 3173 1215 3245 omnibusque
1253 3174 1464 3231 clavium
1501 3181 1726 3245 potestas
1763 3171 2050 3224 immediate
2086 3181 2195 3224 tra-

336 3261 442 3315 dita
471 3261 745 3334 judicetur,
802 3261 1126 3316 falsissimum
1163 3271 1217 3316 et
1252 3258 1540 3321 damnatum
1561 3311 1563 3314 Α
1588 3259 1649 3312 ab
1686 3253 1949 3324 Ecclesia,
1995 3256 2194 3313 Febru-

336 3349 449 3402 nius
485 3348 743 3404 vindicare
781 3368 884 3403 non
921 3350 1124 3422 poterit.
1200 3346 1347 3417 Quod
1387 3347 1432 3402 si
1470 3347 1749 3399 Ecclesiae
1798 3346 2003 3400 nomine
2040 3345 2190 3399 intel-

336 3435 558 3506 ligantur
596 3435 786 3490 Petrus
823 3447 874 3491 et
912 3435 1174 3509 Apostoli,
1232 3436 1407 3507 quibus
1449 3437 1580 3503 ⁴sanc
1631 3433 1798 3489 claves
1843 3442 1895 3487 et
1931 3431 2189 3487 Ecclesia-
