<?xml version="1.0" encoding="UTF-8"?>
<!DOCTYPE html PUBLIC "-//W3C//DTD XHTML 1.0 Transitional//EN"
    "http://www.w3.org/TR/xhtml1/DTD/xhtml1-transitional.dtd">
<html xmlns="http://www.w3.org/1999/xhtml" xml:lang="en" lang="en">
 <head>
  <title>
</title>
<meta http-equiv="Content-Type" content="text/html;charset=utf-8" />
  <meta name='ocr-system' content='tesseract 3.04.00' />
  <meta name='ocr-capabilities' content='ocr_page ocr_carea ocr_par ocr_line ocrx_word'/>
</head>
<body>
  <div class='ocr_page' id='page_1' title='image "./ra546170800balluoft_0120.png"; bbox 0 0 2326 3854; ppageno 0'>
   <div class='ocr_carea' id='block_1_1' title="bbox 1028 151 1648 208">
    <p class='ocr_par' dir='ltr' id='par_1_1' title="bbox 1028 151 1648 208">
     <span class='ocr_line' id='line_1_1' title="bbox 1028 151 1648 208; baseline 0 -17"><span class='ocrx_word' id='word_1_1' title='bbox 1028 151 1380 208; x_wconf 63' lang='lat'>-—-‹54</span> <span class='ocrx_word' id='word_1_2' title='bbox 1474 184 1648 192; x_wconf 80' lang='lat'><strong>—</strong></span> 
     </span>
    </p>
   </div>
   <div class='ocr_carea' id='block_1_2' title="bbox 409 301 2277 2921">
    <p class='ocr_par' dir='ltr' id='par_1_2' title="bbox 409 301 2277 2921">
     <span class='ocr_line' id='line_1_2' title="bbox 409 301 2265 391; baseline 0 -23"><span class='ocrx_word' id='word_1_3' title='bbox 409 316 786 387; x_wconf 73' lang='lat' dir='ltr'><strong>quibuscunque</strong></span> <span class='ocrx_word' id='word_1_4' title='bbox 834 314 1245 388; x_wconf 74' lang='lat' dir='ltr'><strong>particularibus</strong></span> <span class='ocrx_word' id='word_1_5' title='bbox 1273 315 1528 391; x_wconf 86' lang='lat' dir='ltr'><strong>conciliis,</strong></span> <span class='ocrx_word' id='word_1_6' title='bbox 1583 313 1699 384; x_wconf 90' lang='lat' dir='ltr'><strong>quia</strong></span> <span class='ocrx_word' id='word_1_7' title='bbox 1755 315 1818 366; x_wconf 94' lang='lat' dir='ltr'><strong>ob</strong></span> <span class='ocrx_word' id='word_1_8' title='bbox 1869 301 2146 388; x_wconf 85' lang='lat' dir='ltr'><strong>Episcopos</strong></span> <span class='ocrx_word' id='word_1_9' title='bbox 2195 334 2265 370; x_wconf 78' lang='lat' dir='ltr'><strong>ex</strong></span> 
     </span>
     <span class='ocr_line' id='line_1_3' title="bbox 410 400 2264 474; baseline -0.002 -15"><span class='ocrx_word' id='word_1_10' title='bbox 410 413 519 459; x_wconf 86' lang='lat' dir='ltr'><strong>tota</strong></span> <span class='ocrx_word' id='word_1_11' title='bbox 556 402 789 458; x_wconf 82' lang='lat' dir='ltr'><strong>Ecclesia</strong></span> <span class='ocrx_word' id='word_1_12' title='bbox 826 412 1168 474; x_wconf 84' lang='lat' dir='ltr'><strong>congregatos</strong></span> <span class='ocrx_word' id='word_1_13' title='bbox 1205 400 1560 474; x_wconf 84' lang='lat' dir='ltr'><strong>repraesentat</strong></span> <span class='ocrx_word' id='word_1_14' title='bbox 1586 401 1927 455; x_wconf 87' lang='lat' dir='ltr'><strong>universalem</strong></span> <span class='ocrx_word' id='word_1_15' title='bbox 1965 400 2264 458; x_wconf 82' lang='lat' dir='ltr'><strong>Ecclesiam.</strong></span> 
     </span>
     <span class='ocr_line' id='line_1_4' title="bbox 410 486 2268 562; baseline 0 -19"><span class='ocrx_word' id='word_1_16' title='bbox 410 489 552 544; x_wconf 89' lang='lat' dir='ltr'><strong>Haec</strong></span> <span class='ocrx_word' id='word_1_17' title='bbox 576 501 744 545; x_wconf 89' lang='lat' dir='ltr'><strong>autem</strong></span> <span class='ocrx_word' id='word_1_18' title='bbox 767 509 877 545; x_wconf 88' lang='grc'><strong>611111</strong></span> <span class='ocrx_word' id='word_1_19' title='bbox 903 490 970 542; x_wconf 86' lang='lat' dir='ltr'><strong>sit</strong></span> <span class='ocrx_word' id='word_1_20' title='bbox 990 486 1191 562; x_wconf 89' lang='lat' dir='ltr'><strong>Corpus</strong></span> <span class='ocrx_word' id='word_1_21' title='bbox 1204 486 1398 543; x_wconf 78' lang='lat' dir='ltr'><strong>Christi</strong></span> <span class='ocrx_word' id='word_1_22' title='bbox 1418 488 1632 554; x_wconf 87' lang='lat' dir='ltr'><strong>visibile,</strong></span> <span class='ocrx_word' id='word_1_23' title='bbox 1654 487 1846 543; x_wconf 84' lang='lat' dir='ltr'><strong>visibili</strong></span> <span class='ocrx_word' id='word_1_24' title='bbox 1859 489 2023 561; x_wconf 86' lang='lat' dir='ltr'><strong>capite</strong></span> <span class='ocrx_word' id='word_1_25' title='bbox 2042 491 2268 561; x_wconf 82' lang='lat' dir='ltr'><strong>praedita</strong></span> 
     </span>
     <span class='ocr_line' id='line_1_5' title="bbox 413 575 2268 649; baseline 0 -19"><span class='ocrx_word' id='word_1_26' title='bbox 413 587 518 642; x_wconf 85' lang='lat' dir='ltr'><strong>est,</strong></span> <span class='ocrx_word' id='word_1_27' title='bbox 569 578 700 647; x_wconf 88' lang='grc'><strong>(111011</strong></span> <span class='ocrx_word' id='word_1_28' title='bbox 746 576 845 648; x_wconf 92' lang='lat' dir='ltr'><strong>ipsi</strong></span> <span class='ocrx_word' id='word_1_29' title='bbox 893 594 924 628; x_wconf 89' lang='lat' dir='ltr'><strong>a</strong></span> <span class='ocrx_word' id='word_1_30' title='bbox 962 575 1172 631; x_wconf 88' lang='lat' dir='ltr'><strong>Christo</strong></span> <span class='ocrx_word' id='word_1_31' title='bbox 1223 577 1276 630; x_wconf 89' lang='lat' dir='ltr'><strong>in</strong></span> <span class='ocrx_word' id='word_1_32' title='bbox 1327 575 1384 630; x_wconf 91' lang='lat' dir='ltr'><strong>S.</strong></span> <span class='ocrx_word' id='word_1_33' title='bbox 1426 575 1588 630; x_wconf 87' lang='lat' dir='ltr'><strong>Petro</strong></span> <span class='ocrx_word' id='word_1_34' title='bbox 1640 578 1847 649; x_wconf 91' lang='lat' dir='ltr'><strong>ejusque</strong></span> <span class='ocrx_word' id='word_1_35' title='bbox 1893 576 2268 631; x_wconf 88' lang='lat' dir='ltr'><strong>successoribus</strong></span> 
     </span>
     <span class='ocr_line' id='line_1_6' title="bbox 415 661 2269 740; baseline 0 -23"><span class='ocrx_word' id='word_1_36' title='bbox 415 665 742 718; x_wconf 85' lang='lat' dir='ltr'><strong>constitutum</strong></span> <span class='ocrx_word' id='word_1_37' title='bbox 789 663 903 715; x_wconf 84' lang='lat' dir='ltr'><strong>fuit.</strong></span> <span class='ocrx_word' id='word_1_38' title='bbox 1002 661 1174 718; x_wconf 89' lang='lat' dir='ltr'><strong>Hocee</strong></span> <span class='ocrx_word' id='word_1_39' title='bbox 1222 674 1372 740; x_wconf 86' lang='lat' dir='ltr'><strong>caput</strong></span> <span class='ocrx_word' id='word_1_40' title='bbox 1420 684 1513 739; x_wconf 90' lang='lat' dir='ltr'><strong>per</strong></span> <span class='ocrx_word' id='word_1_41' title='bbox 1569 682 1626 716; x_wconf 92' lang='lat' dir='ltr'><strong>se</strong></span> <span class='ocrx_word' id='word_1_42' title='bbox 1675 661 1940 718; x_wconf 85' lang='lat' dir='ltr'><strong>Ecclesiae</strong></span> <span class='ocrx_word' id='word_1_43' title='bbox 2000 680 2269 736; x_wconf 80' lang='lat' dir='ltr'><strong>personam</strong></span> 
     </span>
     <span class='ocr_line' id='line_1_7' title="bbox 414 747 2269 824; baseline 0.001 -21"><span class='ocrx_word' id='word_1_44' title='bbox 414 768 601 822; x_wconf 81' lang='lat' dir='ltr'><strong>gerens</strong></span> <span class='ocrx_word' id='word_1_45' title='bbox 642 748 728 820; x_wconf 89' lang='lat' dir='ltr'><strong>(ut</strong></span> <span class='ocrx_word' id='word_1_46' title='bbox 766 750 827 803; x_wconf 87' lang='lat' dir='ltr'><strong>de</strong></span> <span class='ocrx_word' id='word_1_47' title='bbox 861 747 925 805; x_wconf 71' lang='lat' dir='ltr'><strong>S‘.</strong></span> <span class='ocrx_word' id='word_1_48' title='bbox 965 749 1129 808; x_wconf 87' lang='lat' dir='ltr'><strong>Petro</strong></span> <span class='ocrx_word' id='word_1_49' title='bbox 1169 751 1490 824; x_wconf 83' lang='lat' dir='ltr'><strong>Augustinus</strong></span> <span class='ocrx_word' id='word_1_50' title='bbox 1527 751 1778 823; x_wconf 82' lang='lat' dir='ltr'><strong>loquitur)</strong></span> <span class='ocrx_word' id='word_1_51' title='bbox 1819 752 2065 823; x_wconf 89' lang='lat' dir='ltr'><strong>quomodo</strong></span> <span class='ocrx_word' id='word_1_52' title='bbox 2091 749 2269 805; x_wconf 89' lang='lat' dir='ltr'><strong>Eccle-</strong></span> 
     </span>
     <span class='ocr_line' id='line_1_8' title="bbox 413 834 2271 913; baseline 0.001 -23"><span class='ocrx_word' id='word_1_53' title='bbox 413 837 542 890; x_wconf 87' lang='lat' dir='ltr'><strong>siam</strong></span> <span class='ocrx_word' id='word_1_54' title='bbox 593 848 981 909; x_wconf 83' lang='lat' dir='ltr'><strong>repraesentare</strong></span> <span class='ocrx_word' id='word_1_55' title='bbox 1031 849 1208 910; x_wconf 81' lang='lat' dir='ltr'><strong>queat,</strong></span> <span class='ocrx_word' id='word_1_56' title='bbox 1267 834 1526 911; x_wconf 78' lang='lat' dir='ltr'><strong>commode</strong></span> <span class='ocrx_word' id='word_1_57' title='bbox 1572 839 1847 913; x_wconf 12' lang='lat' dir='ltr'><strong>explicaret</strong></span> <span class='ocrx_word' id='word_1_58' title='bbox 1883 845 1936 893; x_wconf 80' lang='lat' dir='ltr'><strong>et</strong></span> <span class='ocrx_word' id='word_1_59' title='bbox 1986 838 2271 910; x_wconf 83' lang='lat' dir='ltr'><strong>intelligere</strong></span> 
     </span>
     <span class='ocr_line' id='line_1_9' title="bbox 411 924 2272 999; baseline 0.002 -23"><span class='ocrx_word' id='word_1_60' title='bbox 411 924 556 977; x_wconf 86' lang='lat' dir='ltr'><strong>licet:</strong></span> <span class='ocrx_word' id='word_1_61' title='bbox 614 925 775 978; x_wconf 90' lang='lat' dir='ltr'><strong>solum</strong></span> <span class='ocrx_word' id='word_1_62' title='bbox 831 943 956 981; x_wconf 88' lang='lat' dir='ltr'><strong>vero</strong></span> <span class='ocrx_word' id='word_1_63' title='bbox 1014 944 1213 999; x_wconf 84' lang='lat' dir='ltr'><strong>corpus</strong></span> <span class='ocrx_word' id='word_1_64' title='bbox 1247 945 1350 979; x_wconf 92' lang='lat' dir='ltr'><strong>non</strong></span> <span class='ocrx_word' id='word_1_65' title='bbox 1405 925 1506 993; x_wconf 81' lang='lat' dir='ltr'><strong>ita3</strong></span> <span class='ocrx_word' id='word_1_66' title='bbox 1557 944 1670 979; x_wconf 88' lang='lat' dir='ltr'><strong>cum</strong></span> <span class='ocrx_word' id='word_1_67' title='bbox 1723 940 1903 997; x_wconf 85' lang='lat' dir='ltr'><strong>corpus</strong></span> <span class='ocrx_word' id='word_1_68' title='bbox 1948 926 2062 980; x_wconf 88' lang='lat' dir='ltr'><strong>sine</strong></span> <span class='ocrx_word' id='word_1_69' title='bbox 2107 926 2272 999; x_wconf 88' lang='lat' dir='ltr'><strong>capite</strong></span> 
     </span>
     <span class='ocr_line' id='line_1_10' title="bbox 411 1012 2272 1086; baseline 0.002 -23"><span class='ocrx_word' id='word_1_70' title='bbox 411 1021 622 1066; x_wconf 85' lang='lat' dir='ltr'><strong>truncus</strong></span> <span class='ocrx_word' id='word_1_71' title='bbox 660 1012 745 1079; x_wconf 87' lang='lat' dir='ltr'><strong>sit,</strong></span> <span class='ocrx_word' id='word_1_72' title='bbox 783 1013 868 1084; x_wconf 90' lang='lat' dir='ltr'><strong>qui</strong></span> <span class='ocrx_word' id='word_1_73' title='bbox 905 1022 1066 1066; x_wconf 91' lang='lat' dir='ltr'><strong>totum</strong></span> <span class='ocrx_word' id='word_1_74' title='bbox 1103 1013 1355 1071; x_wconf 87' lang='lat' dir='ltr'><strong>hominem</strong></span> <span class='ocrx_word' id='word_1_75' title='bbox 1393 1031 1488 1068; x_wconf 91' lang='lat' dir='ltr'><strong>nec</strong></span> <span class='ocrx_word' id='word_1_76' title='bbox 1524 1021 1895 1085; x_wconf 68' lang='lat' dir='ltr'><strong>repraesentat,</strong></span> <span class='ocrx_word' id='word_1_77' title='bbox 1933 1031 2029 1068; x_wconf 87' lang='lat' dir='ltr'><strong>nec</strong></span> <span class='ocrx_word' id='word_1_78' title='bbox 2064 1031 2272 1086; x_wconf 86' lang='lat' dir='ltr'><strong>reprae-</strong></span> 
     </span>
     <span class='ocr_line' id='line_1_11' title="bbox 412 1100 2271 1174; baseline 0.001 -21"><span class='ocrx_word' id='word_1_79' title='bbox 412 1109 621 1159; x_wconf 85' lang='lat' dir='ltr'><strong>sentare</strong></span> <span class='ocrx_word' id='word_1_80' title='bbox 666 1100 852 1173; x_wconf 86' lang='lat' dir='ltr'><strong>potest.</strong></span> <span class='ocrx_word' id='word_1_81' title='bbox 941 1100 1207 1174; x_wconf 85' lang='lat' dir='ltr'><strong>Episcopi,</strong></span> <span class='ocrx_word' id='word_1_82' title='bbox 1255 1101 1340 1173; x_wconf 89' lang='lat' dir='ltr'><strong>qni</strong></span> <span class='ocrx_word' id='word_1_83' title='bbox 1388 1120 1593 1155; x_wconf 89' lang='lat' dir='ltr'><strong>suarum</strong></span> <span class='ocrx_word' id='word_1_84' title='bbox 1644 1103 1880 1173; x_wconf 87' lang='lat' dir='ltr'><strong>cujusque</strong></span> <span class='ocrx_word' id='word_1_85' title='bbox 1930 1100 2271 1167; x_wconf 82' lang='lat' dir='ltr'><strong>ecclesiarum,</strong></span> 
     </span>
     <span class='ocr_line' id='line_1_12' title="bbox 414 1188 2273 1262; baseline 0.001 -22"><span class='ocrx_word' id='word_1_86' title='bbox 414 1189 789 1260; x_wconf 81' lang='lat' dir='ltr'><strong>metropoleon,</strong></span> <span class='ocrx_word' id='word_1_87' title='bbox 835 1190 920 1244; x_wconf 85' lang='lat' dir='ltr'><strong>vel</strong></span> <span class='ocrx_word' id='word_1_88' title='bbox 966 1189 1258 1262; x_wconf 89' lang='lat' dir='ltr'><strong>ampliorum</strong></span> <span class='ocrx_word' id='word_1_89' title='bbox 1318 1189 1618 1244; x_wconf 81' lang='lat' dir='ltr'><strong>dioeceseon</strong></span> <span class='ocrx_word' id='word_1_90' title='bbox 1677 1198 1796 1242; x_wconf 90' lang='lat' dir='ltr'><strong>sunt</strong></span> <span class='ocrx_word' id='word_1_91' title='bbox 1847 1188 2042 1261; x_wconf 85' lang='lat' dir='ltr'><strong>capita,</strong></span> <span class='ocrx_word' id='word_1_92' title='bbox 2098 1205 2273 1243; x_wconf 81' lang='lat' dir='ltr'><strong>earum</strong></span> 
     </span>
     <span class='ocr_line' id='line_1_13' title="bbox 416 1273 2272 1350; baseline 0.001 -21"><span class='ocrx_word' id='word_1_93' title='bbox 416 1294 690 1347; x_wconf 80' lang='lat' dir='ltr'><strong>personam</strong></span> <span class='ocrx_word' id='word_1_94' title='bbox 727 1287 1118 1349; x_wconf 83' lang='lat' dir='ltr'><strong>repraesentare</strong></span> <span class='ocrx_word' id='word_1_95' title='bbox 1165 1287 1407 1347; x_wconf 43' lang='grc'><strong>(1116111111-</strong></span> <span class='ocrx_word' id='word_1_96' title='bbox 1433 1276 1593 1330; x_wconf 92' lang='lat' dir='ltr'><strong>totius</strong></span> <span class='ocrx_word' id='word_1_97' title='bbox 1630 1294 1756 1331; x_wconf 87' lang='lat' dir='ltr'><strong>vero</strong></span> <span class='ocrx_word' id='word_1_98' title='bbox 1791 1273 2082 1342; x_wconf 80' lang='lat' dir='ltr'><strong>Ecclesiae,</strong></span> <span class='ocrx_word' id='word_1_99' title='bbox 2130 1279 2272 1350; x_wconf 88' lang='lat' dir='ltr'><strong>cujus</strong></span> 
     </span>
     <span class='ocr_line' id='line_1_14' title="bbox 413 1363 2271 1437; baseline 0.001 -22"><span class='ocrx_word' id='word_1_100' title='bbox 413 1381 560 1416; x_wconf 86' lang='lat' dir='ltr'><strong>nemo</strong></span> <span class='ocrx_word' id='word_1_101' title='bbox 597 1363 798 1416; x_wconf 89' lang='lat' dir='ltr'><strong>illorum</strong></span> <span class='ocrx_word' id='word_1_102' title='bbox 837 1374 917 1417; x_wconf 90' lang='lat' dir='ltr'><strong>est</strong></span> <span class='ocrx_word' id='word_1_103' title='bbox 954 1373 1130 1436; x_wconf 87' lang='lat' dir='ltr'><strong>caput,</strong></span> <span class='ocrx_word' id='word_1_104' title='bbox 1170 1374 1425 1436; x_wconf 73' lang='lat' dir='ltr'><strong>nequeunt</strong></span> <span class='ocrx_word' id='word_1_105' title='bbox 1459 1383 1732 1437; x_wconf 80' lang='lat' dir='ltr'><strong>personam</strong></span> <span class='ocrx_word' id='word_1_106' title='bbox 1768 1381 1980 1436; x_wconf 80' lang='lat' dir='ltr'><strong>gerere,</strong></span> <span class='ocrx_word' id='word_1_107' title='bbox 2016 1378 2271 1419; x_wconf 84' lang='lat' dir='ltr'><strong>nec·ean-</strong></span> 
     </span>
     <span class='ocr_line' id='line_1_15' title="bbox 411 1438 2274 1525; baseline 0.002 -23"><span class='ocrx_word' id='word_1_108' title='bbox 411 1450 522 1510; x_wconf 88' lang='lat' dir='ltr'><strong>dem</strong></span> <span class='ocrx_word' id='word_1_109' title='bbox 560 1438 898 1507; x_wconf 85' lang='lat' dir='ltr'><strong>universalem</strong></span> <span class='ocrx_word' id='word_1_110' title='bbox 935 1449 1218 1513; x_wconf 83' lang='lat' dir='ltr'><strong>Ecclesiam</strong></span> <span class='ocrx_word' id='word_1_111' title='bbox 1256 1442 1647 1524; x_wconf 83' lang='lat' dir='ltr'><strong>repraesentare</strong></span> <span class='ocrx_word' id='word_1_112' title='bbox 1670 1451 1734 1525; x_wconf 88' lang='lat'><strong>¹),</strong></span> <span class='ocrx_word' id='word_1_113' title='bbox 1773 1450 1874 1505; x_wconf 89' lang='lat' dir='ltr'><strong>nisi</strong></span> <span class='ocrx_word' id='word_1_114' title='bbox 1911 1465 2019 1505; x_wconf 88' lang='lat' dir='ltr'><strong>cum</strong></span> <span class='ocrx_word' id='word_1_115' title='bbox 2057 1451 2180 1524; x_wconf 85' lang='lat' dir='ltr'><strong>ipsis</strong></span> <span class='ocrx_word' id='word_1_116' title='bbox 2207 1453 2274 1506; x_wconf 85' lang='lat' dir='ltr'><strong>sit</strong></span> 
     </span>
     <span class='ocr_line' id='line_1_16' title="bbox 416 1528 2274 1610; baseline 0.002 -20"><span class='ocrx_word' id='word_1_117' title='bbox 416 1556 639 1592; x_wconf 86' lang='lat' dir='ltr'><strong>summus</strong></span> <span class='ocrx_word' id='word_1_118' title='bbox 677 1537 955 1608; x_wconf 74' lang='lat' dir='ltr'><strong>PontifeX,</strong></span> <span class='ocrx_word' id='word_1_119' title='bbox 1006 1540 1090 1609; x_wconf 85' lang='lat' dir='ltr'><strong>qni</strong></span> <span class='ocrx_word' id='word_1_120' title='bbox 1128 1539 1266 1592; x_wconf 91' lang='lat' dir='ltr'><strong>solus</strong></span> <span class='ocrx_word' id='word_1_121' title='bbox 1296 1540 1416 1610; x_wconf 80' lang='lat' dir='ltr'><strong>jure</strong></span> <span class='ocrx_word' id='word_1_122' title='bbox 1454 1528 1622 1594; x_wconf 83' lang='lat' dir='ltr'><strong>divino</strong></span> <span class='ocrx_word' id='word_1_123' title='bbox 1674 1549 1754 1593; x_wconf 86' lang='lat' dir='ltr'><strong>est</strong></span> <span class='ocrx_word' id='word_1_124' title='bbox 1801 1538 1959 1591; x_wconf 87' lang='lat' dir='ltr'><strong>totius</strong></span> <span class='ocrx_word' id='word_1_125' title='bbox 1999 1539 2274 1594; x_wconf 82' lang='lat' dir='ltr'><strong>catholicae</strong></span> 
     </span>
     <span class='ocr_line' id='line_1_17' title="bbox 412 1622 2273 1699; baseline 0.002 -23"><span class='ocrx_word' id='word_1_126' title='bbox 412 1622 674 1679; x_wconf 81' lang='lat' dir='ltr'><strong>Ecclesiae</strong></span> <span class='ocrx_word' id='word_1_127' title='bbox 708 1635 874 1699; x_wconf 83' lang='lat' dir='ltr'><strong>caput.</strong></span> <span class='ocrx_word' id='word_1_128' title='bbox 950 1626 1063 1680; x_wconf 87' lang='lat' dir='ltr'><strong>Hoc</strong></span> <span class='ocrx_word' id='word_1_129' title='bbox 1101 1643 1255 1699; x_wconf 86' lang='lat' dir='ltr'><strong>porro</strong></span> <span class='ocrx_word' id='word_1_130' title='bbox 1295 1636 1442 1697; x_wconf 84' lang='lat' dir='ltr'><strong>caput</strong></span> <span class='ocrx_word' id='word_1_131' title='bbox 1478 1644 1581 1679; x_wconf 91' lang='lat' dir='ltr'><strong>non</strong></span> <span class='ocrx_word' id='word_1_132' title='bbox 1620 1627 1682 1680; x_wconf 92' lang='lat' dir='ltr'><strong>ob</strong></span> <span class='ocrx_word' id='word_1_133' title='bbox 1722 1625 2051 1679; x_wconf 81' lang='lat' dir='ltr'><strong>materialem</strong></span> <span class='ocrx_word' id='word_1_134' title='bbox 2079 1636 2273 1680; x_wconf 85' lang='lat' dir='ltr'><strong>tantum</strong></span> 
     </span>
     <span class='ocr_line' id='line_1_18' title="bbox 414 1713 2275 1787; baseline 0.002 -22"><span class='ocrx_word' id='word_1_135' title='bbox 414 1714 756 1784; x_wconf 80' lang='lat' dir='ltr'><strong>praesentiam</strong></span> <span class='ocrx_word' id='word_1_136' title='bbox 803 1715 1033 1786; x_wconf 85' lang='lat' dir='ltr'><strong>generali</strong></span> <span class='ocrx_word' id='word_1_137' title='bbox 1079 1714 1288 1769; x_wconf 90' lang='lat' dir='ltr'><strong>concilio</strong></span> <span class='ocrx_word' id='word_1_138' title='bbox 1335 1714 1682 1768; x_wconf 88' lang='lat' dir='ltr'><strong>necessarium</strong></span> <span class='ocrx_word' id='word_1_139' title='bbox 1727 1723 1833 1780; x_wconf 90' lang='lat' dir='ltr'><strong>est,</strong></span> <span class='ocrx_word' id='word_1_140' title='bbox 1885 1713 1972 1767; x_wconf 87' lang='grc'><strong>3611</strong></span> <span class='ocrx_word' id='word_1_141' title='bbox 2009 1714 2275 1787; x_wconf 80' lang='lat' dir='ltr'><strong>praecipue</strong></span> 
     </span>
     <span class='ocr_line' id='line_1_19' title="bbox 414 1788 2275 1875; baseline 0.002 -23"><span class='ocrx_word' id='word_1_142' title='bbox 414 1800 478 1853; x_wconf 92' lang='lat' dir='ltr'><strong>ob</strong></span> <span class='ocrx_word' id='word_1_143' title='bbox 518 1796 848 1856; x_wconf 87' lang='lat' dir='ltr'><strong>directionem</strong></span> <span class='ocrx_word' id='word_1_144' title='bbox 887 1812 940 1856; x_wconf 90' lang='lat' dir='ltr'><strong>et</strong></span> <span class='ocrx_word' id='word_1_145' title='bbox 977 1819 1270 1868; x_wconf 81' lang='lat' dir='ltr'><strong>assensum,</strong></span> <span class='ocrx_word' id='word_1_146' title='bbox 1304 1801 1418 1872; x_wconf 83' lang='lat' dir='ltr'><strong>qui·</strong></span> <span class='ocrx_word' id='word_1_147' title='bbox 1456 1802 1607 1874; x_wconf 85' lang='lat' dir='ltr'><strong>capiti</strong></span> <span class='ocrx_word' id='word_1_148' title='bbox 1642 1788 1766 1875; x_wconf 78' lang='lat' dir='ltr'><strong>prae</strong></span> <span class='ocrx_word' id='word_1_149' title='bbox 1813 1801 1998 1856; x_wconf 81' lang='lat' dir='ltr'><strong>ceteris</strong></span> <span class='ocrx_word' id='word_1_150' title='bbox 2032 1801 2275 1856; x_wconf 83' lang='lat' dir='ltr'><strong>membris</strong></span> 
     </span>
     <span class='ocr_line' id='line_1_20' title="bbox 415 1878 2273 1969; baseline 0.002 -29"><span class='ocrx_word' id='word_1_151' title='bbox 415 1888 732 1959; x_wconf 85' lang='lat' dir='ltr'><strong>potissimum</strong></span> <span class='ocrx_word' id='word_1_152' title='bbox 780 1890 1034 1962; x_wconf 86' lang='lat' dir='ltr'><strong>competit.</strong></span> <span class='ocrx_word' id='word_1_153' title='bbox 1122 1887 1180 1943; x_wconf 90' lang='lat' dir='ltr'><strong>S.</strong></span> <span class='ocrx_word' id='word_1_154' title='bbox 1222 1886 1542 1969; x_wconf 70' lang='lat' dir='ltr'><strong>Cyprianus,</strong></span> <span class='ocrx_word' id='word_1_155' title='bbox 1579 1884 1678 1958; x_wconf 80' lang='lat' dir='ltr'><strong>&#39;qui</strong></span> <span class='ocrx_word' id='word_1_156' title='bbox 1724 1884 2007 1942; x_wconf 87' lang='lat' dir='ltr'><strong>Ecclesiam</strong></span> <span class='ocrx_word' id='word_1_157' title='bbox 2051 1878 2273 1954; x_wconf 68' lang='lat' dir='ltr'><strong>definivit</strong></span> 
     </span>
     <span class='ocr_line' id='line_1_21' title="bbox 418 1973 2275 2053; baseline 0.003 -28"><span class='ocrx_word' id='word_1_158' title='bbox 418 1973 543 2046; x_wconf 83' lang='lat' dir='ltr'><strong>(Ep.</strong></span> <span class='ocrx_word' id='word_1_159' title='bbox 585 1975 738 2047; x_wconf 83' lang='lat'><strong>69.),</strong></span> <span class='ocrx_word' id='word_1_160' title='bbox 793 1978 956 2033; x_wconf 81' lang='lat' dir='ltr'><strong>Plebs</strong></span> <span class='ocrx_word' id='word_1_161' title='bbox 1004 1979 1280 2030; x_wconf 75' lang='lat' dir='ltr'><strong>sacerdoti</strong></span> <span class='ocrx_word' id='word_1_162' title='bbox 1325 1978 1595 2047; x_wconf 76' lang='lat' dir='ltr'><strong>adunata,</strong></span> <span class='ocrx_word' id='word_1_163' title='bbox 1644 1983 1697 2028; x_wconf 84' lang='lat' dir='ltr'><strong>et</strong></span> <span class='ocrx_word' id='word_1_164' title='bbox 1742 1979 1964 2053; x_wconf 59' lang='lat' dir='ltr'><strong>pastori</strong></span> <span class='ocrx_word' id='word_1_165' title='bbox 1999 1992 2096 2030; x_wconf 69' lang='lat' dir='ltr'><strong>suo</strong></span> <span class='ocrx_word' id='word_1_166' title='bbox 2120 1996 2275 2048; x_wconf 34' lang='lat' dir='ltr'><strong>x,qi-ex</strong></span> 
     </span>
     <span class='ocr_line' id='line_1_22' title="bbox 417 2061 2276 2137; baseline 0.002 -23"><span class='ocrx_word' id='word_1_167' title='bbox 417 2062 749 2124; x_wconf 63' lang='lat' dir='ltr'><strong>miliaci-em,</strong></span> <span class='ocrx_word' id='word_1_168' title='bbox 788 2063 1020 2137; x_wconf 78' lang='lat' dir='ltr'><strong>vocibuS,</strong></span> <span class='ocrx_word' id='word_1_169' title='bbox 1069 2066 1367 2119; x_wconf 78' lang='lat' dir='ltr'><strong>sacerdotis</strong></span> <span class='ocrx_word' id='word_1_170' title='bbox 1407 2070 1458 2115; x_wconf 83' lang='lat' dir='ltr'><strong>et</strong></span> <span class='ocrx_word' id='word_1_171' title='bbox 1489 2066 1731 2131; x_wconf 79' lang='lat' dir='ltr'><strong>pastoris</strong></span> <span class='ocrx_word' id='word_1_172' title='bbox 1768 2061 2074 2135; x_wconf 91' lang='lat' dir='ltr'><strong>Episcopum</strong></span> <span class='ocrx_word' id='word_1_173' title='bbox 2113 2066 2276 2137; x_wconf 87' lang='lat' dir='ltr'><strong>cujus-</strong></span> 
     </span>
     <span class='ocr_line' id='line_1_23' title="bbox 418 2141 2276 2226; baseline 0.002 -26"><span class='ocrx_word' id='word_1_174' title='bbox 418 2168 513 2218; x_wconf 89' lang='lat' dir='ltr'><strong>que</strong></span> <span class='ocrx_word' id='word_1_175' title='bbox 551 2147 816 2203; x_wconf 90' lang='lat' dir='ltr'><strong>Ecclesiae</strong></span> <span class='ocrx_word' id='word_1_176' title='bbox 855 2141 1150 2221; x_wconf 84' lang='lat' dir='ltr'><strong>designanS,</strong></span> <span class='ocrx_word' id='word_1_177' title='bbox 1189 2151 1261 2220; x_wconf 88' lang='lat' dir='ltr'><strong>ita</strong></span> <span class='ocrx_word' id='word_1_178' title='bbox 1298 2150 1429 2203; x_wconf 89' lang='lat' dir='ltr'><strong>hunc</strong></span> <span class='ocrx_word' id='word_1_179' title='bbox 1467 2149 1644 2226; x_wconf 83' lang='lat' dir='ltr'><strong>cuique</strong></span> <span class='ocrx_word' id='word_1_180' title='bbox 1681 2148 1975 2220; x_wconf 87' lang='lat' dir='ltr'><strong>particulari</strong></span> <span class='ocrx_word' id='word_1_181' title='bbox 2009 2148 2276 2204; x_wconf 90' lang='lat' dir='ltr'><strong>Ecclesiae</strong></span> 
     </span>
     <span class='ocr_line' id='line_1_24' title="bbox 416 2223 2276 2312; baseline 0.001 -23"><span class='ocrx_word' id='word_1_182' title='bbox 416 2223 758 2290; x_wconf 83' lang='lat' dir='ltr'><strong>necessariam</strong></span> <span class='ocrx_word' id='word_1_183' title='bbox 808 2247 859 2290; x_wconf 91' lang='lat' dir='ltr'><strong>et</strong></span> <span class='ocrx_word' id='word_1_184' title='bbox 896 2238 1217 2293; x_wconf 84' lang='lat' dir='ltr'><strong>essentialem</strong></span> <span class='ocrx_word' id='word_1_185' title='bbox 1257 2239 1367 2312; x_wconf 79' lang='lat' dir='ltr'><strong>ejus</strong></span> <span class='ocrx_word' id='word_1_186' title='bbox 1405 2246 1600 2309; x_wconf 87' lang='lat' dir='ltr'><strong>partem</strong></span> <span class='ocrx_word' id='word_1_187' title='bbox 1639 2235 1841 2302; x_wconf 87' lang='lat' dir='ltr'><strong>habuit,</strong></span> <span class='ocrx_word' id='word_1_188' title='bbox 1890 2247 1948 2288; x_wconf 88' lang='lat' dir='ltr'><strong>nt</strong></span> <span class='ocrx_word' id='word_1_189' title='bbox 1993 2255 2093 2290; x_wconf 85' lang='lat' dir='ltr'><strong>non</strong></span> <span class='ocrx_word' id='word_1_190' title='bbox 2137 2237 2276 2290; x_wconf 83' lang='lat' dir='ltr'><strong>dubi-</strong></span> 
     </span>
     <span class='ocr_line' id='line_1_25' title="bbox 413 2323 2276 2398; baseline 0.002 -23"><span class='ocrx_word' id='word_1_191' title='bbox 413 2323 538 2376; x_wconf 88' lang='lat' dir='ltr'><strong>tarit</strong></span> <span class='ocrx_word' id='word_1_192' title='bbox 577 2324 747 2377; x_wconf 86' lang='lat' dir='ltr'><strong>statim</strong></span> <span class='ocrx_word' id='word_1_193' title='bbox 788 2323 1051 2395; x_wconf 87' lang='lat' dir='ltr'><strong>subjicere,</strong></span> <span class='ocrx_word' id='word_1_194' title='bbox 1074 2325 1424 2395; x_wconf 48' lang='lat' dir='ltr'><strong>‚Episcopum</strong></span> <span class='ocrx_word' id='word_1_195' title='bbox 1461 2328 1516 2377; x_wconf 78' lang='lat' dir='ltr'><strong>in</strong></span> <span class='ocrx_word' id='word_1_196' title='bbox 1557 2324 1809 2387; x_wconf 81' lang='lat' dir='ltr'><strong>Ecclesia</strong></span> <span class='ocrx_word' id='word_1_197' title='bbox 1847 2338 1987 2398; x_wconf 78' lang='lat' dir='ltr'><strong>esse,</strong></span> <span class='ocrx_word' id='word_1_198' title='bbox 2026 2328 2079 2378; x_wconf 78' lang='lat' dir='ltr'><strong>e&#39;t</strong></span> <span class='ocrx_word' id='word_1_199' title='bbox 2115 2327 2276 2396; x_wconf 76' lang='lat' dir='ltr'><strong>eccle-</strong></span> 
     </span>
     <span class='ocr_line' id='line_1_26' title="bbox 417 2410 2276 2489; baseline 0 -25"><span class='ocrx_word' id='word_1_200' title='bbox 417 2415 552 2464; x_wconf 80' lang='lat' dir='ltr'><strong>siam</strong></span> <span class='ocrx_word' id='word_1_201' title='bbox 588 2415 647 2464; x_wconf 79' lang='lat' dir='ltr'><strong>in</strong></span> <span class='ocrx_word' id='word_1_202' title='bbox 694 2413 1002 2482; x_wconf 78' lang='lat' dir='ltr'><strong>Episcopo.-</strong></span> <span class='ocrx_word' id='word_1_203' title='bbox 1046 2427 1180 2482; x_wconf 80' lang='lat' dir='ltr'><strong>quae</strong></span> <span class='ocrx_word' id='word_1_204' title='bbox 1226 2423 1327 2465; x_wconf 88' lang='lat' dir='ltr'><strong>non</strong></span> <span class='ocrx_word' id='word_1_205' title='bbox 1378 2412 1593 2483; x_wconf 83' lang='lat' dir='ltr'><strong>obscure</strong></span> <span class='ocrx_word' id='word_1_206' title='bbox 1641 2411 1958 2483; x_wconf 85' lang='lat' dir='ltr'><strong>significant,</strong></span> <span class='ocrx_word' id='word_1_207' title='bbox 1997 2410 2110 2488; x_wconf 84' lang='lat' dir='ltr'><strong>sine</strong></span> <span class='ocrx_word' id='word_1_208' title='bbox 2153 2410 2276 2489; x_wconf 90' lang='lat' dir='ltr'><strong>Epi-</strong></span> 
     </span>
     <span class='ocr_line' id='line_1_27' title="bbox 416 2496 2276 2572; baseline 0.002 -22"><span class='ocrx_word' id='word_1_209' title='bbox 416 2516 569 2569; x_wconf 68' lang='lat' dir='ltr'><strong>scopo</strong></span> <span class='ocrx_word' id='word_1_210' title='bbox 587 2538 600 2563; x_wconf 90' lang='lat'><strong>,</strong></span> <span class='ocrx_word' id='word_1_211' title='bbox 641 2498 727 2569; x_wconf 87' lang='lat' dir='ltr'><strong>qui</strong></span> <span class='ocrx_word' id='word_1_212' title='bbox 764 2508 1005 2570; x_wconf 82' lang='lat' dir='ltr'><strong>tanquam</strong></span> <span class='ocrx_word' id='word_1_213' title='bbox 1045 2510 1196 2571; x_wconf 76' lang='lat' dir='ltr'><strong>caput</strong></span> <span class='ocrx_word' id='word_1_214' title='bbox 1216 2500 1427 2572; x_wconf 67' lang='lat' dir='ltr'><strong>&#39;praesit</strong></span> <span class='ocrx_word' id='word_1_215' title='bbox 1463 2498 1754 2564; x_wconf 85' lang='lat' dir='ltr'><strong>Ecclesiae,</strong></span> <span class='ocrx_word' id='word_1_216' title='bbox 1793 2517 1976 2570; x_wconf 87' lang='lat' dir='ltr'><strong>corpus</strong></span> <span class='ocrx_word' id='word_1_217' title='bbox 2012 2496 2276 2569; x_wconf 76' lang='lat' dir='ltr'><strong>Ecclesiae</strong></span> 
     </span>
     <span class='ocr_line' id='line_1_28' title="bbox 415 2583 2276 2657; baseline 0.001 -19"><span class='ocrx_word' id='word_1_218' title='bbox 415 2585 687 2656; x_wconf 76' lang='lat' dir='ltr'><strong>mysticum</strong></span> <span class='ocrx_word' id='word_1_219' title='bbox 735 2596 887 2656; x_wconf 86' lang='lat' dir='ltr'><strong>atque</strong></span> <span class='ocrx_word' id='word_1_220' title='bbox 934 2585 1136 2640; x_wconf 80' lang='lat' dir='ltr'><strong>visibile</strong></span> <span class='ocrx_word' id='word_1_221' title='bbox 1191 2587 1454 2640; x_wconf 88' lang='lat' dir='ltr'><strong>constituti</strong></span> <span class='ocrx_word' id='word_1_222' title='bbox 1500 2596 1650 2657; x_wconf 80' lang='lat' dir='ltr'><strong>atque</strong></span> <span class='ocrx_word' id='word_1_223' title='bbox 1700 2583 1915 2655; x_wconf 76' lang='lat' dir='ltr'><strong>intelligi</strong></span> <span class='ocrx_word' id='word_1_224' title='bbox 1962 2604 2276 2656; x_wconf 80' lang='lat' dir='ltr'><strong>nequaquam</strong></span> 
     </span>
     <span class='ocr_line' id='line_1_29' title="bbox 413 2666 2275 2746; baseline 0.002 -22"><span class='ocrx_word' id='word_1_225' title='bbox 413 2689 582 2745; x_wconf 86' lang='lat' dir='ltr'><strong>posse.</strong></span> <span class='ocrx_word' id='word_1_226' title='bbox 657 2671 797 2732; x_wconf 88' lang='lat' dir='ltr'><strong>Num</strong></span> <span class='ocrx_word' id='word_1_227' title='bbox 836 2682 1014 2745; x_wconf 87' lang='lat' dir='ltr'><strong>caput,</strong></span> <span class='ocrx_word' id='word_1_228' title='bbox 1061 2675 1193 2745; x_wconf 89' lang='lat' dir='ltr'><strong>quod</strong></span> <span class='ocrx_word' id='word_1_229' title='bbox 1228 2675 1282 2727; x_wconf 91' lang='lat' dir='ltr'><strong>in</strong></span> <span class='ocrx_word' id='word_1_230' title='bbox 1321 2675 1542 2746; x_wconf 82' lang='lat' dir='ltr'><strong>qualibet</strong></span> <span class='ocrx_word' id='word_1_231' title='bbox 1589 2666 1884 2745; x_wconf 83' lang='lat' dir='ltr'><strong>particulari</strong></span> <span class='ocrx_word' id='word_1_232' title='bbox 1930 2673 2149 2728; x_wconf 87' lang='lat' dir='ltr'><strong>ecclesia</strong></span> <span class='ocrx_word' id='word_1_233' title='bbox 2183 2692 2275 2745; x_wconf 80' lang='lat' dir='ltr'><strong>ne-</strong></span> 
     </span>
     <span class='ocr_line' id='line_1_30' title="bbox 417 2754 2277 2833; baseline 0.002 -21"><span class='ocrx_word' id='word_1_234' title='bbox 417 2761 694 2813; x_wconf 80' lang='lat' dir='ltr'><strong>cessarium</strong></span> <span class='ocrx_word' id='word_1_235' title='bbox 748 2770 857 2826; x_wconf 92' lang='lat' dir='ltr'><strong>est,</strong></span> <span class='ocrx_word' id='word_1_236' title='bbox 917 2754 970 2813; x_wconf 86' lang='lat' dir='ltr'><strong>in</strong></span> <span class='ocrx_word' id='word_1_237' title='bbox 1013 2762 1151 2814; x_wconf 58' lang='lat' dir='ltr'><strong>&gt;sola</strong></span> <span class='ocrx_word' id='word_1_238' title='bbox 1195 2762 1425 2833; x_wconf 86' lang='lat' dir='ltr'><strong>generali</strong></span> <span class='ocrx_word' id='word_1_239' title='bbox 1487 2758 1751 2826; x_wconf 84' lang='lat' dir='ltr'><strong>Ecclesia,</strong></span> <span class='ocrx_word' id='word_1_240' title='bbox 1810 2768 1864 2814; x_wconf 89' lang='grc'><strong>61</strong></span> <span class='ocrx_word' id='word_1_241' title='bbox 1930 2760 1981 2813; x_wconf 89' lang='lat' dir='ltr'><strong>in</strong></span> <span class='ocrx_word' id='word_1_242' title='bbox 2048 2762 2277 2833; x_wconf 84' lang='lat' dir='ltr'><strong>generali</strong></span> 
     </span>
     <span class='ocr_line' id='line_1_31' title="bbox 415 2847 2276 2921; baseline 0.001 -21"><span class='ocrx_word' id='word_1_243' title='bbox 415 2848 610 2919; x_wconf 83' lang='lat' dir='ltr'><strong>synodo</strong></span> <span class='ocrx_word' id='word_1_244' title='bbox 627 2885 656 2913; x_wconf 16' lang='grc' dir='ltr'><strong>,Α</strong></span> <span class='ocrx_word' id='word_1_245' title='bbox 681 2866 810 2918; x_wconf 86' lang='lat' dir='ltr'><strong>quae</strong></span> <span class='ocrx_word' id='word_1_246' title='bbox 845 2848 1044 2902; x_wconf 80' lang='lat' dir='ltr'><strong>visibile</strong></span> <span class='ocrx_word' id='word_1_247' title='bbox 1081 2849 1351 2905; x_wconf 86' lang='lat' dir='ltr'><strong>universae</strong></span> <span class='ocrx_word' id='word_1_248' title='bbox 1376 2847 1648 2904; x_wconf 21' lang='lat' dir='ltr'><strong>*Ecclesiae</strong></span> <span class='ocrx_word' id='word_1_249' title='bbox 1686 2853 1868 2920; x_wconf 87' lang='lat' dir='ltr'><strong>corpus</strong></span> <span class='ocrx_word' id='word_1_250' title='bbox 1905 2859 2276 2921; x_wconf 68' lang='lat' dir='ltr'><strong>repraesentat,</strong></span> 
     </span>
    </p>
   </div>
   <div class='ocr_carea' id='block_1_3' title="bbox 413 3050 2275 3525">
    <p class='ocr_par' dir='ltr' id='par_1_3' title="bbox 413 3050 2275 3525">
     <span class='ocr_line' id='line_1_32' title="bbox 542 3050 2275 3106; baseline -0.001 -11"><span class='ocrx_word' id='word_1_251' title='bbox 542 3050 579 3106; x_wconf 79' lang='lat'><strong>¹)</strong></span> <span class='ocrx_word' id='word_1_252' title='bbox 613 3050 714 3095; x_wconf 80' lang='lat' dir='ltr'><strong>Cu&#39;m</strong></span> <span class='ocrx_word' id='word_1_253' title='bbox 746 3056 965 3095; x_wconf 81' lang='lat' dir='ltr'><strong>verissima</strong></span> <span class='ocrx_word' id='word_1_254' title='bbox 1008 3055 1065 3094; x_wconf 84' lang='lat' dir='ltr'><strong>sit</strong></span> <span class='ocrx_word' id='word_1_255' title='bbox 1097 3050 1169 3095; x_wconf 82' lang='lat' dir='ltr'><strong>illa</strong></span> <span class='ocrx_word' id='word_1_256' title='bbox 1211 3057 1258 3095; x_wconf 89' lang='lat' dir='ltr'><strong>S.</strong></span> <span class='ocrx_word' id='word_1_257' title='bbox 1292 3054 1503 3102; x_wconf 77' lang='lat' dir='ltr'><strong>Ambrosii</strong></span> <span class='ocrx_word' id='word_1_258' title='bbox 1536 3053 1832 3101; x_wconf 74' lang='lat' dir='ltr'><strong>ratiocinatio,</strong></span> <span class='ocrx_word' id='word_1_259' title='bbox 1877 3050 1930 3092; x_wconf 79' lang='lat' dir='ltr'><strong>de</strong></span> <span class='ocrx_word' id='word_1_260' title='bbox 1963 3064 2044 3103; x_wconf 85' lang='lat' dir='ltr'><strong>qua</strong></span> <span class='ocrx_word' id='word_1_261' title='bbox 2074 3053 2116 3091; x_wconf 85' lang='lat' dir='ltr'><strong>in</strong></span> <span class='ocrx_word' id='word_1_262' title='bbox 2146 3065 2275 3105; x_wconf 84' lang='lat' dir='ltr'><strong>opere</strong></span> 
     </span>
     <span class='ocr_line' id='line_1_33' title="bbox 415 3111 2274 3167; baseline 0 -13"><span class='ocrx_word' id='word_1_263' title='bbox 415 3115 686 3167; x_wconf 72' lang='lat' dir='ltr'><strong>praecedenti</strong></span> <span class='ocrx_word' id='word_1_264' title='bbox 729 3115 792 3155; x_wconf 74' lang='lat' dir='ltr'><strong>De</strong></span> <span class='ocrx_word' id='word_1_265' title='bbox 821 3117 866 3156; x_wconf 80' lang='grc' dir='ltr'><strong>υἱ</strong></span> <span class='ocrx_word' id='word_1_266' title='bbox 899 3118 939 3156; x_wconf 78' lang='lat' dir='ltr'><strong>et</strong></span> <span class='ocrx_word' id='word_1_267' title='bbox 968 3116 1142 3156; x_wconf 71' lang='lat' dir='ltr'><strong>ratione</strong></span> <span class='ocrx_word' id='word_1_268' title='bbox 1175 3116 1390 3167; x_wconf 78' lang='lat' dir='ltr'><strong>primatus</strong></span> <span class='ocrx_word' id='word_1_269' title='bbox 1430 3127 1467 3155; x_wconf 85' lang='lat' dir='ltr'><strong>c.</strong></span> <span class='ocrx_word' id='word_1_270' title='bbox 1502 3115 1573 3155; x_wconf 79' lang='lat'><strong>11.</strong></span> <span class='ocrx_word' id='word_1_271' title='bbox 1606 3126 1647 3156; x_wconf 81' lang='grc'><strong>11.</strong></span> <span class='ocrx_word' id='word_1_272' title='bbox 1679 3114 1732 3153; x_wconf 68' lang='grc'><strong>2.,</strong></span> <span class='ocrx_word' id='word_1_273' title='bbox 1759 3116 1801 3152; x_wconf 81' lang='lat' dir='ltr'><strong>et</strong></span> <span class='ocrx_word' id='word_1_274' title='bbox 1833 3112 1878 3152; x_wconf 80' lang='lat'><strong>3.</strong></span> <span class='ocrx_word' id='word_1_275' title='bbox 1908 3113 2002 3163; x_wconf 76' lang='lat' dir='ltr'><strong>egi:</strong></span> <span class='ocrx_word' id='word_1_276' title='bbox 2058 3111 2143 3153; x_wconf 64' lang='lat' dir='ltr'><strong>Uin·</strong></span> <span class='ocrx_word' id='word_1_277' title='bbox 2175 3125 2274 3164; x_wconf 73' lang='lat' dir='ltr'><strong>ergo</strong></span> 
     </span>
     <span class='ocr_line' id='line_1_34' title="bbox 415 3171 2274 3229; baseline -0.002 -13"><span class='ocrx_word' id='word_1_278' title='bbox 415 3175 594 3229; x_wconf 70' lang='lat' dir='ltr'><strong>Petrus,</strong></span> <span class='ocrx_word' id='word_1_279' title='bbox 639 3174 701 3216; x_wconf 76' lang='lat' dir='ltr'><strong>ibi</strong></span> <span class='ocrx_word' id='word_1_280' title='bbox 735 3174 956 3223; x_wconf 80' lang='lat' dir='ltr'><strong>Ecclesia3</strong></span> <span class='ocrx_word' id='word_1_281' title='bbox 1003 3177 1036 3215; x_wconf 85' lang='lat' dir='ltr'><strong>si</strong></span> <span class='ocrx_word' id='word_1_282' title='bbox 1080 3176 1293 3227; x_wconf 82' lang='lat' dir='ltr'><strong>loquamur</strong></span> <span class='ocrx_word' id='word_1_283' title='bbox 1341 3175 1393 3215; x_wconf 90' lang='lat' dir='ltr'><strong>de</strong></span> <span class='ocrx_word' id='word_1_284' title='bbox 1424 3172 1616 3221; x_wconf 85' lang='lat' dir='ltr'><strong>Concilio</strong></span> <span class='ocrx_word' id='word_1_285' title='bbox 1649 3172 1863 3225; x_wconf 79' lang='lat' dir='ltr'><strong>generali,</strong></span> <span class='ocrx_word' id='word_1_286' title='bbox 1897 3171 2008 3223; x_wconf 82' lang='lat' dir='ltr'><strong>qnod</strong></span> <span class='ocrx_word' id='word_1_287' title='bbox 2039 3172 2274 3218; x_wconf 80' lang='lat' dir='ltr'><strong>Ecclesiam</strong></span> 
     </span>
     <span class='ocr_line' id='line_1_35' title="bbox 415 3228 2271 3288; baseline 0 -15"><span class='ocrx_word' id='word_1_288' title='bbox 415 3239 738 3288; x_wconf 80' lang='lat' dir='ltr'><strong>repraesentet,</strong></span> <span class='ocrx_word' id='word_1_289' title='bbox 780 3247 885 3284; x_wconf 80' lang='lat' dir='ltr'><strong>vera</strong></span> <span class='ocrx_word' id='word_1_290' title='bbox 916 3235 1077 3287; x_wconf 82' lang='lat' dir='ltr'><strong>pariter</strong></span> <span class='ocrx_word' id='word_1_291' title='bbox 1107 3229 1341 3276; x_wconf 56' lang='grc'><strong>611113161-</strong></span> <span class='ocrx_word' id='word_1_292' title='bbox 1399 3232 1480 3276; x_wconf 76' lang='lat' dir='ltr'><strong>Ubi</strong></span> <span class='ocrx_word' id='word_1_293' title='bbox 1510 3239 1612 3284; x_wconf 81' lang='lat' dir='ltr'><strong>ergo</strong></span> <span class='ocrx_word' id='word_1_294' title='bbox 1645 3228 1813 3282; x_wconf 82' lang='lat' dir='ltr'><strong>Petrus,</strong></span> <span class='ocrx_word' id='word_1_295' title='bbox 1846 3234 1924 3272; x_wconf 80' lang='lat' dir='ltr'><strong>aut</strong></span> <span class='ocrx_word' id='word_1_296' title='bbox 1956 3229 2075 3274; x_wconf 74' lang='lat' dir='ltr'><strong>Petri</strong></span> <span class='ocrx_word' id='word_1_297' title='bbox 2105 3243 2271 3274; x_wconf 76' lang='lat' dir='ltr'><strong>succes-</strong></span> 
     </span>
     <span class='ocr_line' id='line_1_36' title="bbox 413 3291 2273 3355; baseline -0.001 -20"><span class='ocrx_word' id='word_1_298' title='bbox 413 3307 532 3335; x_wconf 73' lang='lat' dir='ltr'><strong>sores</strong></span> <span class='ocrx_word' id='word_1_299' title='bbox 562 3296 655 3349; x_wconf 86' lang='lat' dir='ltr'><strong>(qui</strong></span> <span class='ocrx_word' id='word_1_300' title='bbox 694 3293 848 3336; x_wconf 58' lang='lat' dir='ltr'><strong>*eodem</strong></span> <span class='ocrx_word' id='word_1_301' title='bbox 873 3298 970 3347; x_wconf 76' lang='lat' dir='ltr'><strong>jure</strong></span> <span class='ocrx_word' id='word_1_302' title='bbox 1001 3293 1196 3336; x_wconf 81' lang='lat' dir='ltr'><strong>conciliis</strong></span> <span class='ocrx_word' id='word_1_303' title='bbox 1234 3292 1812 3355; x_wconf 29' lang='lat' dir='ltr'><strong>generalibus‘praesident),</strong></span> <span class='ocrx_word' id='word_1_304' title='bbox 1847 3293 1908 3333; x_wconf 67' lang='lat' dir='ltr'><strong>ibi</strong></span> <span class='ocrx_word' id='word_1_305' title='bbox 1940 3291 2172 3347; x_wconf 63' lang='lat' dir='ltr'><strong>concilium</strong></span> <span class='ocrx_word' id='word_1_306' title='bbox 2199 3305 2273 3344; x_wconf 79' lang='lat' dir='ltr'><strong>ge-</strong></span> 
     </span>
     <span class='ocr_line' id='line_1_37' title="bbox 418 3352 2275 3410; baseline 0.001 -17"><span class='ocrx_word' id='word_1_307' title='bbox 418 3357 587 3396; x_wconf 78' lang='lat' dir='ltr'><strong>nerale:</strong></span> <span class='ocrx_word' id='word_1_308' title='bbox 616 3359 665 3395; x_wconf 86' lang='lat' dir='ltr'><strong>et</strong></span> <span class='ocrx_word' id='word_1_309' title='bbox 698 3358 1003 3406; x_wconf 82' lang='lat' dir='ltr'><strong>consequenter</strong></span> <span class='ocrx_word' id='word_1_310' title='bbox 1033 3368 1135 3396; x_wconf 87' lang='lat' dir='ltr'><strong>vera</strong></span> <span class='ocrx_word' id='word_1_311' title='bbox 1166 3356 1249 3396; x_wconf 84' lang='lat' dir='ltr'><strong>erit</strong></span> <span class='ocrx_word' id='word_1_312' title='bbox 1279 3352 1596 3408; x_wconf 63' lang='lat' dir='ltr'><strong>pariterhaec:</strong></span> <span class='ocrx_word' id='word_1_313' title='bbox 1640 3352 1724 3410; x_wconf 54' lang='lat' dir='ltr'><strong>Ubi</strong></span> <span class='ocrx_word' id='word_1_314' title='bbox 1756 3364 1856 3404; x_wconf 81' lang='lat' dir='ltr'><strong>ergo</strong></span> <span class='ocrx_word' id='word_1_315' title='bbox 1888 3364 1967 3394; x_wconf 73' lang='lat' dir='ltr'><strong>nec</strong></span> <span class='ocrx_word' id='word_1_316' title='bbox 2002 3354 2166 3404; x_wconf 75' lang='lat' dir='ltr'><strong>Petrus,</strong></span> <span class='ocrx_word' id='word_1_317' title='bbox 2197 3365 2275 3394; x_wconf 78' lang='lat' dir='ltr'><strong>nec</strong></span> 
     </span>
     <span class='ocr_line' id='line_1_38' title="bbox 422 3407 2273 3468; baseline 0.001 -16"><span class='ocrx_word' id='word_1_318' title='bbox 422 3411 534 3454; x_wconf 75' lang='lat' dir='ltr'><strong>Petri</strong></span> <span class='ocrx_word' id='word_1_319' title='bbox 564 3419 852 3462; x_wconf 55' lang='lat' dir='ltr'><strong>successores</strong></span> <span class='ocrx_word' id='word_1_320' title='bbox 871 3416 1042 3467; x_wconf 78' lang='lat' dir='ltr'><strong>adsint,</strong></span> <span class='ocrx_word' id='word_1_321' title='bbox 1085 3407 1366 3468; x_wconf 77' lang='lat' dir='ltr'><strong>quaecunque</strong></span> <span class='ocrx_word' id='word_1_322' title='bbox 1392 3414 1464 3466; x_wconf 18' lang='lat' dir='ltr'><strong>,sit</strong></span> <span class='ocrx_word' id='word_1_323' title='bbox 1497 3410 1814 3465; x_wconf 65' lang='lat' dir='ltr'><strong>Episcoporum</strong></span> <span class='ocrx_word' id='word_1_324' title='bbox 1858 3413 2164 3465; x_wconf 67' lang='lat' dir='ltr'><strong>congregatio,</strong></span> <span class='ocrx_word' id='word_1_325' title='bbox 2212 3413 2273 3454; x_wconf 77' lang='lat' dir='ltr'><strong>ibi</strong></span> 
     </span>
     <span class='ocr_line' id='line_1_39' title="bbox 415 3473 1558 3525; baseline 0.002 -11"><span class='ocrx_word' id='word_1_326' title='bbox 415 3476 618 3523; x_wconf 59' lang='lat' dir='ltr'><strong>generale</strong></span> <span class='ocrx_word' id='word_1_327' title='bbox 650 3476 884 3516; x_wconf 51' lang='lat' dir='ltr'><strong>concilium</strong></span> <span class='ocrx_word' id='word_1_328' title='bbox 914 3482 995 3516; x_wconf 74' lang='lat' dir='ltr'><strong>nec·</strong></span> <span class='ocrx_word' id='word_1_329' title='bbox 1025 3477 1120 3523; x_wconf 65' lang='lat' dir='ltr'><strong>erit,</strong></span> <span class='ocrx_word' id='word_1_330' title='bbox 1155 3486 1234 3517; x_wconf 74' lang='lat' dir='ltr'><strong>nec</strong></span> <span class='ocrx_word' id='word_1_331' title='bbox 1263 3484 1354 3515; x_wconf 62' lang='lat' dir='ltr'><strong>osse</strong></span> <span class='ocrx_word' id='word_1_332' title='bbox 1374 3473 1558 3525; x_wconf 56' lang='lat' dir='ltr'><strong>poteria</strong></span> 
     </span>
    </p>
   </div>
  </div>
 </body>
</html>
