2326 3854
678 207 1320 265 --127——-

103 375 294 437 butum,
344 391 491 427 verus
529 372 769 426 Pontifex
818 369 911 422 toti
964 367 1220 425 Ecclesiae
1266 376 1316 422 et,
1360 364 1674 435 generalibus
1713 382 1902 433 quoque

103 458 308 529 synodis
345 459 427 528 (ut
451 456 791 529 probavimus)
817 455 1069 526 superior,
1109 454 1169 506 ab
1207 451 1411 505 aliorum
1447 449 1662 502 omnium
1699 449 1792 500 sibi
1827 450 1903 500 in-

103 543 339 596 feriorum
367 543 710 612 jurisdictione
747 540 1080 594 subtrahatur.
1153 537 1260 590 Hac
1295 535 1485 605 quidem
1523 535 1582 586 de
1619 551 1771 586 causa
1804 531 1904 585 Ba-

105 627 384 680 sileensium
431 627 679 680 molimina
736 635 786 679 et
834 635 978 694 gesta
1031 633 1205 676 contra
1255 621 1534 692 Eugenium
1569 617 1659 673 IV.
1708 618 1901 670 unicum

106 722 386 780 certumque
421 710 713 764 Pontificem
758 709 1015 779 illegitima
1060 717 1111 760 et
1155 706 1324 760 inania
1366 705 1488 758 nihil
1533 713 1798 776 potuerunt
1844 704 1904 754 ad

103 796 260 867 ipsum
296 797 648 866 deponendum,
684 804 735 848 et
769 794 822 846 in
859 803 1081 864 apertum
1118 792 1329 846 schisma
1363 791 1689 843 deflexerunt.
1756 834 1758 836 ,

249 881 333 934 10.
405 878 464 932 Si
498 898 648 950 porro
686 889 863 950 agatur
899 880 958 932 de
994 879 1277 940 schismate,
1314 877 1366 929 in
1402 895 1496 945 quo
1534 877 1596 928 ob
1632 873 1907 928 inextrica-

101 963 226 1024 biles
277 964 395 1017 facti
441 965 667 1035 jurisque
720 965 1028 1017 difficultates
1082 963 1203 1016 nulli
1257 980 1326 1015 ex
1380 959 1786 1014 contendentibus
1822 961 1905 1030 jus

103 1058 316 1112 certum,
354 1050 441 1102 sed
477 1049 633 1103 cuivis
669 1049 735 1102 sit
770 1050 993 1115 dubium3
1043 1050 1092 1101 id
1138 1066 1288 1100 unum
1340 1047 1392 1099 in
1438 1064 1667 1115 magnam
1705 1054 1906 1098 contro-

101 1133 316 1188 versiam
351 1135 526 1189 cadere
559 1143 740 1205 potest.
812 1133 867 1186 Id
902 1135 1092 1202 quidem
1119 1143 1340 1202 tempore
1365 1131 1664 1201 synodorum
1689 1128 1908 1182 Pisanae

104 1228 155 1270 et
191 1215 620 1283 ConstantiensiS,
657 1238 764 1272 cum
800 1220 895 1271 duo
931 1219 1169 1289 primum,
1207 1217 1318 1269 dein
1354 1225 1460 1268 tres
1498 1225 1731 1283 tanquam
1767 1212 1907 1266 Pon-

103 1303 259 1363 tifices
298 1321 415 1357 sese·
444 1304 703 1373 gerebant,
743 1312 794 1357 et
827 1303 1020 1374 magnis
1058 1302 1170 1354 hinc
1205 1310 1257 1354 et
1292 1301 1404 1357 hinc
1439 1318 1638 1351 suarum
1675 1301 1908 1369 cujusque

103 1388 312 1458 partium
351 1387 526 1440 studiis
544 1388 907 1453 decertabant,
948 1387 1180 1440 >diversas
1216 1386 1268 1439 in
1306 1385 1580 1439 sententias
1617 1384 1782 1454 plures
1821 1384 1906 1436 ad-

104 1471 264 1524 duxit.
338 1471 565 1527 Fuerunt
601 1472 828 1525 nimirum
876 1473 1023 1544 (Vid.
1063 1489 1211 1541 supra
1251 1487 1291 1522 c.
1331 1471 1379 1522 6.
1420 1488 1470 1521 n.
1513 1469 1628 1539 16.)
1667 1469 1907 1533 nonnulli,

105 1565 156 1614 et
193 1557 345 1609 adhuc
389 1567 530 1621 sunt,
580 1558 664 1626 qui
709 1558 980 1629 hujusmodi
1028 1565 1221 1610 tantum
1257 1554 1529 1607 Pontifices
1574 1554 1707 1606 dubii
1744 1564 1794 1607 et
1830 1554 1907 1606 in·

107 1641 230 1693 certi
258 1642 385 1711 juris
432 1644 730 1713 synodorum
773 1643 1074 1713 generalium
1111 1641 1362 1711 ‘potestati
1409 1639 1690 1710 subjiciunt.
1765 1638 1908 1691 Hanc

105 1735 270 1778 autem
315 1727 640 1792 sententiam,
694 1746 839 1796 quam
893 1727 1095 1797 aliquot>
1129 1725 1275 1782 etiam
1332 1725 1550 1777 celebres
1598 1723 1909 1776 auctoritatis

106 1809 397 1866 Pontificiae
442 1812 660 1867 vindices
708 1823 1005 1882 sequuntur,
1071 1820 1125 1862 ut
1177 1810 1290 1863 hinc
1338 1808 1606 1862 remedium
1652 1809 1909 1861 difficiliori

108 1895 358 1948 schismati
404 1898 666 1963 afferatur,
730 1916 824 1968 ego
875 1897 1095 1950 absolute
1139 1894 1397 1966 repudiare
1450 1895 1618 1947 nolim.
1708 1894 1911 1963 Aliquot

106 1989 296 2032 tantum
340 1983 765 2036 considerationes
813 1983 1093 2053 proferam,
1150 1998 1216 2032 ex
1273 1979 1448 2049 quibus
1508 1980 1742 2044 forsitan,
1798 1980 1911 2050 quid

105 2065 275 2119 verius
303 2067 627 2121 sentiendum
682 2070 774 2133 sit,
829 2076 1045 2121 eruetur.
1138 2064 1267 2117 Peto
1322 2064 1476 2135 igitur
1529 2065 1580 2116 in
1623 2065 1794 2136 primis
1849 2066 1909 2117 ab

104 2150 244 2219 hujus
280 2153 565 2205 sententiae·
592 2151 843 2223 patronis,
899 2171 1026 2204 num-
1051 2169 1220 2210 eorum
1266 2149 1546 2220 opinionem
1584 2151 1909 2221 susceperint,

106 2235 189 2303 qui
225 2236 461 2289 dixerunt
497 2247 582 2289 aut
618 2237 808 2301 dicunt,
862 2237 915 2290 in
952 2253 1069 2289 casu
1111 2235 1368 2288 memorati
1413 2237 1688 2289 schismatis
1725 2237 1908 2288 nullum

108 2338 177 2372 ex
214 2321 619 2384 contendentibus
667 2322 799 2374 dubii
846 2330 897 2374 et
932 2320 1111 2374 incerti
1149 2320 1278 2389 juris
1323 2320 1478 2373 fuisse
1524 2322 1688 2392 reipsa
1738 2340 1910 2380 verum

107 2393 470 2475 legitimumque
513 2406 806 2460 Pontificem
843 2407 995 2476 juxta
1038 2405 1177 2457 illud¹
1207 2405 1434 2462 effatum:
1499 2406 1660 2475 Papa
1705 2408 1910 2467 dubius,

112 2491 270 2558 Papa
305 2494 504 2544 nullus.-
557 2511 622 2544 an
656 2510 778 2546 vero
816 2499 1053 2544 censeant
1087 2508 1236 2541 unum
1273 2490 1483 2559 aliquem
1521 2509 1590 2543 ex
1625 2491 1722 2543 illis
1759 2492 1910 2544 fuisse

107 2574 272 2645 reipsa
316 2594 484 2628 verum
533 2575 762 2648 Papam,
810 2585 860 2628 et
908 2575 1062 2639 solum
1121 2576 1181 2627 ob
1229 2575 1478 2629 involutas
1525 2576 1644 2629 facti
1683 2577 1910 2647 jurisque

108 2659 515 2712 circumstantias
537 2660 761 2731 ignotum
798 2662 967 2725 fuisse,
995 2660 1230 2730 quisnam
1268 2679 1438 2718 eorum
1473 2679 1622 2715 verus
1660 2661 1825 2732 reipsa
1863 2671 1911 2714 et

109 2745 356 2813 legitimus
379 2744 621 2807 Pontifex
646 2746 924 2799 existeret?
944 2747 1017 2797 ⁷111
1052 2743 1210 2816 primo
1249 2764 1401 2799 sensu
1437 2746 1663 2816 quidquid
1700 2746 1752 2798 in
1778 2746 1911 2817 ipsos

110 2828 299 2897 egisset
341 2829 629 2894 concilium,
687 2848 790 2882 non
810 2883 813 2889 .
837 2831 1025 2899 egisset
1069 2841 1245 2886 contra
1292 2849 1441 2885 veros
1478 2830 1775 2894 PontificeS,
1825 2833 1912 2884 sed

110 2922 285 2965 contra
321 2931 424 2978 eoS,
461 2914 686 2983 quicum
712 2931 814 2966 non
837 2924 1006 2968 essent
1029 2915 1638 2985 reipsa‘veriPontificeS,
1676 2918 1912 2969 carebant

109 2996 334 3068 primatu,
360 3016 451 3051 nec
476 3008 621 3052 erant
645 2999 929 3069 superiores⁴
951 3000 1175 3063 concilio,
1211 3000 1424 3070 nihilque
1448 3002 1626 3067 mirum
1650 3002 1695 3054 si
1719 3001 1912 3055 concilii

111 3082 393 3136 auctoritati
441 3084 691 3138 suberant.
775 3082 926 3136 Immo
977 3085 1089 3139 hac>
1125 3085 1177 3137 in
1236 3085 1500 3157 hypothesi
1549 3087 1763 3143 schisma
1809 3106 1912 3142 non

112 3168 356 3227 caruisset
400 3180 624 3241 prompto
669 3169 896 3239 facilique
940 3170 1153 3223 remedio
1200 3181 1306 3223 nont
1347 3171 1503 3226 solum
1547 3179 1633 3226 ex
1668 3173 1910 3242 generali.

112 3252 209 3304 sed·
234 3270 303 3304 ex
356 3256 515 3324 magis
559 3254 726 3311 ¹obviis
781 3254 1153 3324 particularibus
1208 3255 1356 3310 etiam
1392 3255 1644 3326 synodis»,
1699 3259 1913 3326 quaol'in·

113 3335 254 3406 hujus
312 3339 509 3405 generis
563 3340 914 3393 contendentes
973 3340 1255 3411 pontificatu
1280 3340 1287 3346 “
1309 3350 1561 3410 expertes
1594 3342 1676 3411 jus'
1718 3343 1911 3413 habere

112 3421 446 3490 potuissent.‘
501 3471 503 3473 ,
546 3439 564 3466 1
