2326 3854
1194 163 1384 201 XXVIII
1473 177 1649 187 ——·-

365 317 722 394 Imperatoris
759 318 971 393 judicio
1009 323 1065 375 et
1099 324 1267 392 jussu
1298 317 1643 374 declaratum
1674 317 1777 373 fuit
1799 314 2044 375 Sanctae
2071 315 2210 375 Sedi

365 408 709 480 injuriosum,
758 406 1167 483 scandalosum‚
1209 405 1354 462 unde
1378 406 1627 480 pericula
1655 423 1869 480 quoque
1896 423 2209 480 sequeren-

366 499 477 573 tur,
523 499 687 571 atque
734 499 795 552 ut
825 495 938 551 tale
983 494 1201 568 publice
1236 497 1324 550 est
1354 493 1734 550 dilaceratum.
1802 493 1967 550 Anno
1998 494 2208 571 1728„

366 585 641 639 sententia
685 583 802 639 lata
847 581 935 638 die
981 582 1043 639 7.
1089 579 1416 654 Februarii,
1475 586 1637 638 autor
1681 581 2082 640 condemnatus
2125 587 2212 638 est

366 671 438 727 ad
467 672 838 746 periculosum
883 669 1030 726 hunc
1059 669 1306 727 libellum
1337 669 1769 748 retractandum,
1817 674 1874 727 et
1904 671 2067 728 simul
2098 673 2211 726 tum

365 778 400 814 a
430 760 605 814 sacris
635 762 750 813 tum
789 775 823 812 a
854 759 1058 814 ceteris
1089 757 1423 814 academicis
1457 756 1653 815 officiis
1688 776 2013 834 suspensus·
2081 757 2211 815 De-

363 848 526 920 nique
571 844 639 900 ad
689 849 1035 923 extremum,
1096 864 1261 920 quum
1308 862 1500 902 omnes
1546 846 1848 902 cavillandi
1897 848 2049 903 vires
2097 863 2210 902 ex-

361 934 667 1010 hausisset,
713 937 774 989 ut
818 950 950 990 sese
994 936 1050 990 in
1095 934 1456 1009 possessione
1501 935 1771 991 retineret
1794 931 2111 992 Ecclesiam
2155 937 2211 990 in

360 1022 542 1096 patria
588 1039 692 1078 sua
737 1021 1013 1079 catholica
1059 1022 1440 1100 oppugnandi,
1484 1023 1825 1079 necessitate
1861 1021 2092 1078 adactus
2140 1023 2212 1078 ad

360 1110 670 1167 haereseos
715 1111 940 1183 asylum
987 1110 1117 1166 alibi
1164 1110 1574 1188 quaerendum,
1645 1113 1700 1166 in
1746 1108 2085 1187 Hollandia‚
2153 1114 2213 1166 ut

360 1199 606 1275 vixerat,
654 1197 800 1254 diem
843 1201 899 1255 in
944 1198 1244 1255 schismate
1291 1203 1347 1255 et
1391 1198 1618 1255 haeresi
1664 1199 1796 1256 obiit
1825 1196 2211 1273 supremum.“

362 1282 484 1342 Sed
530 1285 599 1342 de
630 1284 879 1361 Espenio
921 1288 1057 1343 satis
1103 1303 1412 1362 superque3
1458 1287 1621 1364 plura
1666 1286 1992 1344 desiderans
2039 1285 2212 1343 adeas

360 1372 420 1430 J.
446 1369 512 1430 O.
544 1372 796 1432 Deckeri
842 1374 1299 1432 Annotationes
1323 1416 1339 1431 .
1366 1419 1379 1433 .
1406 1415 1424 1431 .
1450 1418 1463 1430 .
1508 1373 1580 1431 in
1625 1373 1851 1432 librum
1899 1373 2003 1430 cui
2049 1373 2211 1430 titu-

364 1462 494 1518 lus.-
539 1461 660 1519 Jus
688 1463 909 1523 eccles.
938 1462 1213 1520 univers.
1258 1462 1440 1520 Leod.
1471 1462 1660 1523 1718.
1687 1496 1768 1504 —
1817 1467 1874 1520 et
1897 1461 2210 1519 Animad-

362 1548 678 1608 versiones
699 1549 769 1609 in
791 1550 1018 1609 librum
1041 1553 1408 1608 damnatum
1437 1551 1536 1608 cui
1559 1551 1780 1609 titulus
1794 1572 1814 1607 .·
1868 1552 2214 1608 Tractatus

364 1640 439 1695 de
475 1640 975 1716 promulyatione
1032 1641 1232 1715 legum
1276 1641 1484 1697 eccles.
1532 1640 1822 1715 HasseLeti
1864 1641 2078 1716 1716„
2124 1671 2216 1683 -ω

363 1731 419 1784 et
453 1723 521 1783 Ρ.
549 1724 849 1798 Govaerts
872 1727 1184 1806 opuscula
1229 1730 1532 1787 adversus
1565 1727 1830 1804 Espssnii
1863 1726 2216 1784 doctrinam

363 1817 438 1873 de
475 1815 723 1890 placeto
765 1816 936 1892 reyio
973 1817 1103 1876 edit.
1149 1816 1216 1875 P.
1251 1816 1332 1894 F.
1380 1815 1460 1874 X.
1507 1816 1678 1875 Ram.
1745 1817 1988 1874 Lovanii
2021 1816 2212 1875 1830.

493 1902 742 1980 Espenio
789 1906 948 1981 quasi
993 1908 1205 1964 socium
1251 1905 1608 1982 adjungimus
1648 1905 1999 1962 Ludovicum
2029 1903 2212 1962 Ellies

360 1989 684 2068 Dupinium,
733 2012 896 2068 quem
942 1993 1083 2050 datis
1131 1994 1202 2050 ad
1246 1992 1477 2071 Regem
1523 1992 1872 2051 Ludovicum
1900 1991 2064 2049 XIV.
2109 1994 2212 2050 lit-

360 2082 497 2143 teris
533 2077 799 2138 Clemens
843 2080 952 2138 XI.
999 2086 1164 2140 vocat
1220 2083 1547 2161 „nequioris
1606 2081 1890 2140 doctrinae
1934 2081 2214 2139 hominem

361 2172 778 2245 temerataeque
824 2170 1446 2247 pluries·-Apostolicae
1492 2167 1661 2228 Sedis
1705 2188 1900 2242 reum,
1959 2187 1995 2226 a
2038 2169 2212 2246 Rege

364 2258 598 2315 exulare
615 2261 863 2332 jussum,
911 2264 973 2316 ut
1016 2259 1203 2334 palam
1247 2257 1407 2317 fieret
1452 2260 1673 2335 impune
1719 2276 1830 2316 non
1864 2259 2038 2315 licere
2083 2262 2212 2314 tur-

360 2346 601 2402 bulentis
646 2348 888 2423 ingeniis
934 2351 990 2403 et
1033 2364 1311 2421 nunquam
1342 2347 1642 2404 cavillandi
1672 2346 1837 2404 finem
1883 2345 2214 2402 facientibus

362 2434 778 2492 ecclesiasticas
824 2435 988 2492 simul
1034 2453 1101 2491 ac
1146 2437 1341 2512 regias
1369 2435 1538 2512 leges
1563 2430 1940 2510 infringere.“
2008 2433 2212 2506 Quod-

362 2524 411 2578 si
455 2523 620 2597 plura
665 2523 991 2601 desideras9
1053 2524 1283 2579 consule
1331 2519 1570 2578 Carrich
1616 2522 1685 2579 de
1729 2520 2032 2578 Ecclesiae
2076 2519 2211 2578 Ro-

361 2612 618 2686 manique
663 2609 948 2668 Pontificis
994 2609 1284 2669 Potestate
1343 2610 1439 2667 lib.
1470 2610 1517 2666 I.
1564 2613 1696 2667 tom.
1727 2607 1776 2665 Ι.
1821 2627 1948 2685 cap.
1985 2608 2031 2665 Ι.
2080 2628 2133 2665 a.
2165 2608 2212 2665 Ι.

363 2695 415 2773 §.
447 2697 551 2755 IV.
599 2703 656 2756 et
683 2699 751 2755 F.
789 2697 865 2756 A.
896 2697 1210 2756 Zaccariae
1255 2697 1610 2756 Antifebron.
1656 2703 1788 2755 tom.
1819 2696 1866 2753 Ι.
1910 2696 2211 2754 Introduct.

363 2804 486 2863 cap.
510 2784 612 2844 Vl.
661 2785 713 2862 §.
737 2785 784 2844 I.
831 2789 922 2844 ubi
970 2787 1112 2844 adeo
1144 2786 1204 2843 J.
1227 2786 1491 2843 Frickius
1517 2783 1880 2843 Lutheranus
1903 2781 2214 2861 Dupinium

360 2875 574 2954 laudat,
623 2875 768 2951 quod
817 2876 1002 2933 semel
1043 2873 1390 2950 iterumque
1434 2877 1488 2931 in
1537 2893 1708 2950 opere
1756 2875 1858 2930 De
1897 2874 2217 2930 Potestate

362 2962 783 3021 ecclesiastica
829 2968 891 3020 et
935 2963 1296 3042 temporali,
1347 2961 1682 3039 principiis
1720 2960 2215 3019 Protestantium

364 3050 636 3110 accessit.
678 3086 757 3095 —
808 3051 899 3109 De
930 3052 1254 3110 moribundo
1285 3051 1529 3128 Dupinio
1568 3056 1755 3108 tamen
1800 3049 2022 3127 addam,
2068 3066 2213 3124 quae

358 3140 543 3198 Autor
591 3141 861 3199 Veritatis
917 3137 1155 3198 Consilii
1206 3139 1597 3219 Burgefontae
1642 3140 1759 3196 initi
1803 3142 1936 3195 tom.
1960 3136 2008 3194 Ι.
2054 3156 2113 3213 p.
2150 3139 2211 3195 3.

361 3227 416 3306 §.
439 3229 511 3286 V.
544 3249 676 3308 pag.
701 3230 848 3289 314.
881 3229 1090 3286 refert:
1139 3225 1331 3308 „Cum
1351 3235 1495 3306 jam,
1542 3230 1640 3305 ait,
1675 3225 1747 3284 ad
1778 3231 2033 3283 extrema
2060 3227 2212 3282 vitae

360 3321 588 3374 ventum
633 3323 787 3376 esset
805 3360 824 3396 ‚
893 3319 990 3375 ille
1036 3317 1252 3397 majora
1304 3317 1591 3393 magistris
1647 3316 1764 3372 suis
1811 3331 2086 3391 ausuruS,
2157 3319 2214 3370 et

362 3407 508 3462 omni
538 3410 710 3478 metu,
757 3424 828 3463 ne
852 3403 1168 3481 Hugonotti
1197 3408 1373 3462 instar
1407 3402 1886 3479 mori-videretur⁷
1935 3403 2211 3477 superior,

362 3492 539 3551 noluit
583 3495 817 3569 primum
863 3492 1155 3552 admittere
1193 3511 1413 3551 sacrum
1453 3493 1737 3570 viaticum,
1785 3491 1883 3549 sed
1928 3508 2075 3569 cum,
2123 3491 2215 3565 qui
