2326 3854
923 145 1592 204 ——188—

329 312 536 378 „multis
575 311 742 366 causis
780 323 883 366 tum
935 322 1264 366 accusatores
1321 314 1594 386 repellere,
1643 323 1751 368 tum
1794 315 1988 386 judices
2038 318 2185 373 liceat

328 419 634 468 „recusare3
674 410 731 457 ut
769 398 1080 472 synodorum
1118 408 1461 454 retractentur
1490 401 1699 474 judicia,
1739 411 1792 455 et
1827 402 1926 456 alia
1963 406 2185 476 ejusdem

328 488 572 560 „generis
609 488 662 540 in
703 485 1005 558 apocryphis
1043 485 1279 540 similiter
1316 487 1549 560 ingesta,
1599 507 1665 542 ex
1707 489 1886 560 quibus
1933 490 1978 543 si
2015 492 2184 553 omnia

327 576 426 642 „ad
475 573 868 647 Episcoporum,
927 573 1011 643 qui
1061 584 1391 642 accusantur,
1452 577 1803 649 expoliantur,
1853 577 2185 650 deponuntur,

326 661 715 735 „pati-ocinium,
753 661 1095 717 defensionem
1134 672 1286 733 atque
1311 664 1615 735 praesidium
1650 665 1851 718 conlata
1890 675 2040 736 atque
2065 683 2186 720 con-

325 750 477 816 „ficta
516 748 812 814 credantur,
850 767 999 802 nemo
1029 750 1150 821 jure
1186 751 1349 825 possit
1386 754 1712 824 revincere.“

1173 880 1222 953 g.
1271 886 1335 936 11.

325 988 441 1030 Num
474 1003 536 1047 ca,
571 1001 682 1041 quae
713 989 778 1049 de
800 988 966 1029 Summi
1000 985 1224 1038 Pontificz's⁸
1256 990 1581 1032 auctoritatem
1615 988 2184 1041 corfictis'Pseudo-Leidorz'

324 1050 610 1092 decretalibus
642 1049 893 1097 traduntur,
927 1050 1028 1090 novi
1050 1050 1278 1102 quidpiam
1314 1051 1583 1102 induxerint,
1618 1050 1732 1105 quod
1765 1052 2054 1093 anterioribus
2077 1056 2182 1094 tem-

472 1111 653 1164 poribus
684 1120 911 1162 nunquam
933 1110 1076 1161 fuerit
1108 1111 1337 1161 auditum,
1362 1124 1530 1165 usuque
1559 1113 1766 1168 nuspiam
1796 1115 2030 1164 receptum.

469 1198 522 1251 4.
597 1196 657 1249 In
704 1197 754 1250 id
804 1196 1172 1251 exscribendus
1233 1215 1303 1252 ex
1359 1199 1564 1253 laudata
1621 1199 1980 1255 dissertatione
2023 1208 2184 1270 ‘atque

321 1285 642 1358 paragrapho
695 1279 934 1339 numerus
997 1285 1306 1340 undecimus.
1413 1286 1572 1354 „Non
1630 1287 1775 1360 pauci
1820 1287 1899 1340 de
1951 1285 2183 1341 Pseudo-

322 1371 554 1441 „Isidoro
593 1371 823 1428 severius
861 1382 1267 1442 conqueruntur,
1318 1374 1526 1445 perinde
1563 1393 1624 1428 ac
1662 1374 1707 1427 si
1745 1375 1852 1447 ejus
1888 1373 2181 1447 imposturis

322 1458 623 1531 „disciplina
659 1468 806 1514 vetus
859 1459 1084 1527 abolita,
1134 1468 1186 1514 et
1222 1479 1377 1517 nova¹
1405 1456 1559 1516 fuerit
1603 1461 1938 1528 introducta,
1962 1463 2088 1516 adeo
2126 1471 2182 1514 ut

321 1546 475 1616 „hinc
512 1546 702 1600 deserti
741 1547 932 1619 antiqui
973 1566 1222 1618 canoneS,
1262 1548 1411 1603 fracti
1449 1548 1739 1621 disciplinae
1776 1549 1942 1616 nervi,
1979 1558 2180 1622 pertur-

319 1636 480 1701 „bata
504 1632 873 1708 Episcoporum
913 1645 964 1690 et
998 1636 1384 1708 provincialium
1423 1635 1748 1691 conciliorum
1775 1638 1912 1709 jura,
1952 1637 2182 1691 sublatae

320 1723 655 1795 „judiciorum
708 1724 871 1796 ‘leges
939 1724 1136 1795 aliaque
1208 1724 1285 1779 rei
1338 1722 1750 1778 Ecclesiasticae.
1797 1725 2002 1779 damna-
2044 1724 2183 1779 illata

320 1811 564 1878 „fuerint.
641 1809 797 1865 Haec
821 1820 988 1865 autem
1026 1829 1190 1868 novae
1227 1822 1283 1867 et·
1314 1821 1540 1867 mutatae
1578 1811 1869 1884 disciplinae
1906 1813 2180 1886 reprehen-

322 1899 434 1965 ‚‚sio
456 1882 623 1971 ⁸quam
661 1900 826 1953 minus
865 1919 1036 1971 'aequa
1084 1901 1181 1971 sit,
1231 1901 1440 1972 quisque
1488 1898 1634 1953 facile
1679 1898 1955 1972 intelliget,
2002 1900 2044 1954 si
2085 1901 2180 1955 duo

320 1988 732 2057 „animadvertat
753 2027 767 2053 ‚
823 1974 1057 2041 nimirum
1102 1989 1339 2061 pleraque
1389 1985 1964 2060 pseudo—Epistolarum
2000 1987 2181 2042 Isidori

321 2085 608 2148 „excerpta
645 2094 762 2129 esse
801 2094 872 2128 ex
909 2074 1179 2128 sententiis
1216 2073 1523 2128 Sanctorum
1557 2073 1825 2141 Patrum,1
1854 2083 1924 2130 ex'
1963 2076 2178 2131 sinceris

321 2163 804 2230 „constitutionibus
860 2161 1209 2216 Romanorum
1259 2161 1568 2235 Pontificum.
1616 2173 1732 2235 post
1779 2152 2015 2217 Sirici-um
2031 2204 2046 2230 ,
2109 2184 2180 2218 ex

320 2251 636 2317 „canonibus
684 2249 1014 2304 conciliorum
1061 2268 1122 2303 ac
1173 2266 1244 2303 ex
1292 2249 1542 2304 Romanis
1592 2251 1814 2322 legibus:
1879 2267 2008 2326 quae
2054 2270 2180 2307 sane

319 2339 476 2406 „novi
505 2339 636 2411 juris
674 2357 936 2408 novaeque
985 2336 1280 2410 disciplinae
1335 2356 1439 2391 non
1486 2348 1629 2391 sunt:
1686 2348 1857 2393 cetera
1891 2330 2016 2394 ‘vero
2065 2359 2179 2395 eam

318 2426 666 2499 „disciplinam
705 2427 999 2499 plerumque
1039 2424 1316 2497 exhibere,
1356 2444 1485 2496 quae
1511 2425 1707 2497 jamdiu
1744 2407 2056 2494 inoleverat,
2096 2429 2179 2482 vel

317 2517 455 2587 „jam
492 2524 613 2569 ante
651 2513 908 2585 aliquanto
957 2513 1124 2567 induci
1163 2523 1414 2585 coeperat.
1490 2513 1784 2587 Impostura‘
1821 2525 1988 2570 autem
2026 2515 2080 2568 in
2117 2534 2177 2569 eo

319 2603 457 2668 „sita
497 2612 603 2668 est,
644 2602 774 2672 quod
813 2600 1287 2658 Pseudo-Isidorus
1326 2619 1413 2654 eas
1453 2603 1749 2667 sententias:
1769 2602 1836 2655 iis
1869 2601 2176 2676 “auctoribus

296 2689 675 2762 „imposuerim
713 2708 924 2760 quorum
963 2707 1066 2742 non
1104 2698 1250 2753 sunt,
1290 2698 1341 2741 et
1378 2689 1677 2761 posterioris
1708 2689 1831 2744 ‘aevi
1867 2688 2177 2762 disciplinam

318 2776 724 2847 „antiquioribus
761 2776 1093 2831 Pontificibus
1132 2775 1383 2839 affixerit,
1436 2776 1581 2847 quasi
1628 2777 1878 2850 prioribus
1915 2775 2177 2831 Ecclesiae

318 2865 574 2932 „saeculis
611 2865 735 2920 haec
771 2865 1037 2938 viguisset.
1117 2861 1358 2918 Ceterum
1398 2866 1528 2935 quod
1577 2866 1637 2920 de
1684 2856 1848 2921 novae
1887 2864 2176 2937 disciplinae

317 2953 731 3023 „introductione
767 2953 1030 3019 inseritur,
1069 2953 1253 3006 stultus
1280 2952 1476 3023 quidem
1513 2954 1664 3025 plane
1701 2953 1880 3007 fuisset
1913 2953 2175 3024 impostor,

318 3042 402 3108 „si
452 3051 711 3114 sperasset
767 3060 911 3095 suam
958 3040 1302 3096 collectionem
1329 3051 1608 3113 ,acceptum
1657 3040 1723 3094 i-ri
1773 3041 1834 3093 ab
1872 3037 2174 3104 hominibus,

318 3149 485 3201 „quae
522 3148 706 3186 novam
745 3123 949 3182 omnino
989 3128 1299 3201 disciplinam
1327 3147 1358 3182 a
1396 3128 1473 3181 sui
1505 3146 1700 3199 quoque
1738 3126 1926 3180 sacculi
1950 3126 2174 3179 moribus

319 3227 408 3283 „et
446 3217 888 3285 consuetudinibus
927 3216 1285 3270 abhorrentem
1311 3215 1614 3290 contine-ret.»
1667 3210 1818 3282 ‘Quod
1843 3213 1887 3266 si
1924 3232 2175 3284 quaecun-

318 3325 452 3375 „que
490 3316 670 3359 contra
708 3305 1118 3359 consuetudinem
1156 3305 1487 3376 ingeruntur,
1516 3301 1736 3356 etiamsi
1774 3302 1907 3354 bona
1945 3309 1997 3355 et
2033 3301 2175 3355 utilia

319 3393 488 3457 „sint,
537 3393 645 3466 ipsa
695 3393 923 3448 novitate
973 3381 1273 3465 perturbare
1326 3393 1523 3456 solent3‘
1581 3389 1733 3442 inulto
1784 3389 1947 3461 magis
1997 3389 2057 3442 de
2081 3397 2086 3399 ’
2111 3387 2174 3442 iis

317 3479 624 3546 „timendum
665 3490 807 3550 erat,
853 3479 1029 3551 quibus
1068 3479 1505 3552 disciplinamper
1555 3495 1611 3530 se
1650 3476 1928 3549 optimam,
1967 3486 2018 3530 et
2057 3493 2174 3530 san·
2256 3519 2259 3523 1
2321 3496 2324 3497 ⁷
