2326 3854
946 123 1605 180 —140—

350 302 455 345 tum
494 291 756 351 Pontificis
794 309 992 363 semper
1027 291 1342 362 praevalebit
1377 310 1450 345 ex
1489 302 1628 346 certo
1656 291 1924 348 Pontificio
1964 296 2200 368 primatu,

351 397 448 449 quo
479 381 567 452 jus
604 379 657 432 in
696 397 871 432 omnes
910 376 1171 432 collective
1209 378 1543 432 certissimum
1582 379 1791 433 obtinet.

496 466 547 519 6.
626 464 882 535 Numquid
917 483 1041 519 vero
1064 482 1135 517 ex
1161 465 1443 520 recensitis
1481 466 1734 538 certisque
1758 465 1959 522 divinae
1996 468 2199 537 institu-

350 551 503 606 tionis
542 552 762 605 fontibus
802 549 988 621 aliquid
1026 542 1346 624 exploratum
1386 562 1678 624 certumque
1717 554 1997 609 adversarii
2029 564 2202 628 prom-.-

350 638 518 703 lerint‚
557 637 785 692 vidimus.
864 635 1012 691 Loca
1046 657 1225 693 sacrae
1249 638 1545 712 Scripturae
1583 660 1641 695 ac
1677 641 1964 699 traditionis
1990 640 2203 696 Patrum

350 744 440 797 pro
489 716 709 796 primatu
753 722 1025 779 Pontificio
1083 725 1139 778 in
1167 725 1470 796 universam
1488 717 1493 767 Ῐ
1519 727 1804 783 Ecclesiam
1857 738 1908 783 et
1951 747 2044 802 pro
2084 731 2204 801 jure

350 811 562 883 cogendi
599 829 774 865 omnes
824 812 1085 867 collective
1127 812 1357 867 :nostrae
1377 816 1662 870 sententiae
1692 819 1912 881 favent:
1963 835 2056 889 pro
2097 826 2202 870 sta-

347 899 533 953 tuendo
574 909 744 969 autem
782 900 901 971 jure
939 896 1158 954 Concilii
1200 900 1461 972 generalis
1509 919 1662 975 supra
1684 902 1894 976 ,Papam
1925 922 2027 959 ⁴nec
2049 903 2094 972 ¹)
2133 921 2204 958 ex

350 984 648 1058 ScripturiS,
686 1005 781 1041 nec
820 1005 891 1041 ex
914 987 1201 1042 traditione·
1217 987 1479 1058 quicquam
1517 989 1580 1042 ab
1618 989 1924 1045 adversariis
1947 991 2202 1062 ingestum

348 1074 607 1147 apparuit,
657 1075 788 1145 quod
831 1074 925 1127 'ad‘
948 1093 1055 1128 rem
1093 1085 1241 1129 certo.
1283 1075 1639 1131 conficiendam
1695 1077 1965 1148 pertineat.
2041 1075 2205 1131 Pauci

347 1161 546 1233 quidem
584 1171 782 1231 textus,
820 1161 1125 1235 quiPapam
1163 1162 1467 1216 inferiorum
1485 1163 1678 1236 judicio
1717 1165 1990 1236 subjiciunt
2026 1164 2117 1218 sub
2139 1183 2206 1218 ea

348 1249 664 1319 conditione,
700 1249 746 1303 si
784 1259 925 1303 erret
960 1249 1014 1303 in
1051 1240 1146 1303 fide
1161 1290 1175 1316 ‚
1214 1268 1325 1304 cum
1363 1269 1465 1303 non
1502 1251 1770 1304 adstruant
1798 1251 2202 1323 jurisdictionem

347 1337 402 1390 in
438 1336 663 1410 Papam,
710 1337 813 1391 nisi·
847 1338 910 1390 ob
949 1336 1177 1391 haeresis
1217 1338 1409 1401 crimen
1445 1337 1716 1394 desciverit
1740 1339 1814 1409 [ab
1851 1337 2204 1407 Ecclesiafct

347 1425 566 1497 primatu
615 1442 709 1478 sua
755 1424 1020 1487 voluntate
1066 1418 1346 1496 *spoliatum
1366 1423 1651 1480 «Pontifex
1705 1426 1916 1498 amplius
1963 1443 2066 1480 non
2095 1425 2201 1492 ·sit;

347 1511 472 1565 nihil
509 1511 918 1588 adversariorum
963 1511 1251 1565 sententiae
1288 1521 1523 1584 prosunt.
1567 1533 1579 1540 ·
1601 1510 1822 1567 Concilii
1867 1511 2200 1583 quoquezVI.

346 1599 658 1669 oecumenici
694 1600 979 1657 anathema
999 1599 1053 1652 in
1090 1597 1376 1670 Honorium
1403 1608 1528 1672 *post
1563 1603 1674 1672 ejus
1711 1608 1929 1662 mortem
1963 1599 2205 1670 quamsit

347 1705 378 1741 a
427 1686 725 1757 quaestione
763 1686 997 1741 alienum
1031 1695 1193 1758 ⁴patet
1237 1695 1335 1740 ‘ex
1360 1685 1888 1742 animadversionibus·
1922 1685 2203 1759 propositis

347 1792 456 1846 cap.
484 1775 538 1827 5.
565 1793 618 1828 ιι.
646 1775 699 1828 5.
755 1775 842 1827 Ad
879 1793 988 1828 rem
1026 1769 1232 1846 propius
1260 1773 1528 1846 pertinere
1562 1774 1806 1830 videntur⁴
1832 1774 2038 1828 decreta
2063 1771 2202 1827 Cou-

347 1860 676 1931 stantieusiae,
721 1870 775 1915 et
810 1862 947 1916 facta
968 1860 1349 1934 depositionum
1385 1860 1436 1914 in
1477 1861 1702 1914 conciliis
1738 1854 1934 1915 Pisano
1973 1870 2026 1915 et
2061 1858 2201 1916 Con-

348 1948 636 2003 stantiensi.
712 1950 789 2001 At
826 1948 952 2002 nihil
995 1948 1050 2001 in
1098 1947 1176 2000 his
1214 1955 1407 2001 cer-tae
1449 1952 1797 2002 auctoritatis
1830 1949 2049 2021 reperiri
2066 1954 2203 2015 ‚wex‘

347 2035 654 2105 quostdivina
689 2035 945 2089 institutio
986 2045 1038 2089 et
1075 2034 1323 2105 delegatio
1354 2033 1722 2106 jurisdictionis
1744 2033 2044 2108 'inPapam
2081 2053 2201 2090 con-

347 2122 450 2177 cilii
473 2121 720 2177 Patribus
758 2122 876 2177 licet
892 2166 896 2172 ,
912 2121 1194 2195 ipsoPapa
1226 2123 1553 2177 inferioribus
1590 2122 1804 2177 collatae
1840 2131 1990 2177 certo
2029 2122 2202 2177 deduci

347 2208 524 2282 queat,
569 2209 797 2283 pluribus
823 2211 1080 2284 capitibus
1129 2211 1458 2265 constitutum
1505 2210 1615 2267 suit.
1693 2209 1920 2269 Decreta
1965 2210 2201 2264 nimirum

478 2433 511 2491 ¹)
544 2435 721 2481 Quidam
761 2448 837 2488 pro
882 2436 1105 2486 statuendo
1140 2448 1191 2476 ex
1223 2431 1456 2492 scripturis
1497 2437 1708 2489 generalis
1739 2436 1919 2477 Concilii
1942 2438 2042 2488 jure
2073 2413 2200 2489 supra

346 2496 593 2539 Pontificem
623 2497 792 2538 nimium
823 2496 1056 2537 abutuntur
1086 2496 1169 2536 illis
1197 2497 1360 2537 Christi
1391 2497 1532 2537 'verbis
1564 2497 1619 2537 ad
1638 2498 1811 2538 Petrum
1840 2493 2099 2538 Matth.18-.
2137 2494 2200 2536 Si

345 2558 592 2608 peccaverit
622 2558 672 2597 in
702 2559 743 2598 te
766 2556 913 2607 stater
945 2559 1049 2597 tuus
1079 2560 1158 2598 etc.
1219 2556 1304 2597 Dic
1335 2556 1575 2606 Ecclesiae3
1607 2569 1659 2598 ac
1690 2558 1726 2596 si
1755 2556 1949 2608 Christus
1978 2555 2199 2609 Ecclesiae

347 2617 513 2656 nomine
532 2616 731 2668 generale
758 2616 1000 2663 concilium,
1033 2616 1270 2684 universam
1286 2616 1520 2656 Ecclesiam
1542 2619 1880 2679 repraesentans,
1911 2602 2198 2667 designaverit

346 2674 562 2727 tanquam
573 2674 774 2724 tribunal,
807 2675 862 2715 ad
884 2672 1002 2726 quod
1017 2669 1175 2716 causae
1191 2671 1456 2724 Pontificum,
1488 2682 1596 2727 quae
1626 2674 1669 2715 in
1686 2675 1990 2727 'quaestionem
2014 2675 2196 2722 veniant,

347 2735 602 2784 deserendae
633 2736 743 2777 siut.
794 2735 847 2776 At
871 2747 1026 2784 casus,
1068 2735 1121 2785 de
1153 2746 1246 2790 quo
1265 2747 1316 2775 eo
1348 2737 1440 2776 loco
1481 2736 1644 2788 agitur,
1683 2747 1766 2775 non
1799 2739 1892 2775 erat
1933 2735 1987 2774 de
2018 2738 2197 2787 peccato

347 2796 480 2844 Petri,
512 2795 586 2836 sed
619 2795 673 2835 de
702 2796 848 2836 fratris
879 2796 1068 2843 crimine,
1102 2795 1172 2847 qui
1203 2795 1371 2835 Petrum
1404 2795 1662 2843 offendisset,
1696 2799 1738 2835 et
1770 2795 1834 2835 bis
1867 2799 2083 2836 correctus
2113 2795 2196 2848 pri-

350 2868 458 2896 mum
495 2868 521 2895 a
549 2854 700 2895 Petro
709 2855 826 2895 inter
868 2858 908 2896 te
941 2858 982 2896 et
1009 2856 1155 2924 ipsum
1188 2856 1341 2903 solum,
1375 2854 1473 2895 dein
1501 2856 1655 2895 iterum
1684 2846 1884 2895 adhibitis
1915 2855 2115 2895 testibus·
2125 2854 2198 2894 ιιὸ

346 2916 496 2966 luisset
525 2915 794 2967 resipiscere.
850 2915 960 2956 Num
988 2915 1027 2956 si
1058 2915 1176 2967 Papa
1205 2917 1296 2956 sine
1335 2915 1472 2956 fructu
1502 2917 1681 2967 aliquem
1712 2915 1921 2968 corrigat,
1942 2917 2035 2966 qui
2054 2915 2198 2966 ipsum

346 2976 548 3028 offendit,
582 2975 899 3015 convocandum
931 2976 1013 3038 erit
1043 2975 1244 3027 generale
1273 2975 1516 3027 concilium,
1550 2979 1596 3015 ut
1621 2975 1815 3035 Juridica
1834 2975 1879 3015 in
1911 2987 2002 3023 eum
2035 2974 2196 3015 seratur

347 3036 587 3087 sententia,
622 3047 700 3074 nec
732 3034 916 3074 sufficiet
947 3032 1146 3087 cujusque
1174 3033 1471 3075 Ecclesiastici
1504 3032 1735 3088 superioris
1751 3022 1984 3092 judiciunl',
2018 3033 2088 3084 qui
2120 3036 2194 3084 'po-

345 3098 504 3136 testate
533 3095 710 3143 clavium
741 3094 960 3146 praeditus
992 3095 1079 3135 sit?
1107 3096 1245 3136 Certe·
1270 3107 1319 3134 eo
1353 3096 1595 3136 testimonio
1627 3090 1849 3136 &deside
1877 3094 2043 3133 nomine
2060 3103 2194 3144 rprae-

346 3156 512 3208 positos
542 3154 766 3199 Ecclesiae
804 3155 1038 3210 generatim
1079 3155 1341 3206 significatos
1381 3156 1427 3197 S.
1458 3157 1638 3218 Joannes
1677 3153 1995 3212 Chrysostomus
2035 3153 2192 3205 docuit,

347 3218 392 3256 et
421 3208 642 3257 Ecclesiae
673 3211 817 3266 praxis
847 3214 1087 3265 confirmat,
1129 3218 1173 3254 ut
1206 3213 1349 3255 notavi
1382 3227 1418 3256 c.
1454 3215 1493 3255 1
1526 3227 1567 3254 ιι.
1592 3212 1642 3254 3
1706 3207 1791 3253 Cur
1821 3214 1962 3252 autem
1993 3195 2202 3263 ejusmodi

339 3276 542 3326 judicium
572 3275 699 3315 alicui
741 3274 972 3314 eeclesiae
972 3275 1225 3326 praeposito
1273 3274 1330 3315 sit
1371 3273 1722 3315 committendum
1737 3272 1921 3324 potius,
1950 3278 2071 3324 quam
2104 3272 2191 3324 *ipsi

345 3348 501 3376 summo
533 3334 746 3387 Pontifici,
775 3335 814 3375 si
845 3346 870 3373 a
897 3334 1098 3403 quopiam
1112 3334 1370 3388 offendatur,
1401 3335 1512 3376 ratio
1526 3334 1799 3388 inpromptu
1834 3337 1920 3372 est:
1943 3332 2052 3391 quia
2072 3343 2190 3372 nemo

347 3395 428 3434 etsi
457 3407 674 3447 supremae
705 3393 929 3446 potestatis
961 3394 1004 3433 iu
1035 3395 1208 3450 propria
1240 3389 1378 3434 causa
1397 3383 1551 3438 haberi
1579 3392 1692 3432 solet
1723 3393 1899 3433 idoneus
1926 3382 2078 3447 judex,
2121 3391 2189 3443 qui

345 3455 457 3496 omni
491 3454 642 3496 affectu
674 3465 725 3495 ac
755 3453 1030 3508 praejudicio
1045 3453 1202 3504 careat,
1234 3460 1312 3495 ue‘c
1335 3452 1398 3494 ιιι
1412 3453 1689 3505 suspicionem
1719 3453 1901 3505 aliquam
1933 3451 2123 3492 veniat.
