<?xml version="1.0" encoding="UTF-8"?>
<!DOCTYPE html PUBLIC "-//W3C//DTD XHTML 1.0 Transitional//EN"
    "http://www.w3.org/TR/xhtml1/DTD/xhtml1-transitional.dtd">
<html xmlns="http://www.w3.org/1999/xhtml" xml:lang="en" lang="en">
 <head>
  <title>
</title>
<meta http-equiv="Content-Type" content="text/html;charset=utf-8" />
  <meta name='ocr-system' content='tesseract 3.04.00' />
  <meta name='ocr-capabilities' content='ocr_page ocr_carea ocr_par ocr_line ocrx_word'/>
</head>
<body>
  <div class='ocr_page' id='page_1' title='image "./ra546170800balluoft_0189.png"; bbox 0 0 2326 3854; ppageno 0'>
   <div class='ocr_carea' id='block_1_1' title="bbox 690 214 1331 271">
    <p class='ocr_par' dir='ltr' id='par_1_1' title="bbox 690 214 1331 271">
     <span class='ocr_line' id='line_1_1' title="bbox 690 214 1331 271; baseline 0.002 -1"><span class='ocrx_word' id='word_1_1' title='bbox 690 214 1331 271; x_wconf 77' lang='lat'>—--123——-</span> 
     </span>
    </p>
   </div>
   <div class='ocr_carea' id='block_1_2' title="bbox 110 376 1960 2651">
    <p class='ocr_par' dir='ltr' id='par_1_2' title="bbox 111 376 1914 855">
     <span class='ocr_line' id='line_1_2' title="bbox 111 376 1912 451; baseline -0.003 -17"><span class='ocrx_word' id='word_1_2' title='bbox 111 383 193 451; x_wconf 88' lang='lat' dir='ltr'><strong>qui</strong></span> <span class='ocrx_word' id='word_1_3' title='bbox 231 381 615 434; x_wconf 79' lang='lat' dir='ltr'><strong>Pharisaeorum</strong></span> <span class='ocrx_word' id='word_1_4' title='bbox 653 389 701 432; x_wconf 88' lang='lat' dir='ltr'><strong>et</strong></span> <span class='ocrx_word' id='word_1_5' title='bbox 738 378 1024 431; x_wconf 85' lang='lat' dir='ltr'><strong>Scribarum</strong></span> <span class='ocrx_word' id='word_1_6' title='bbox 1075 395 1238 430; x_wconf 87' lang='lat' dir='ltr'><strong>mores</strong></span> <span class='ocrx_word' id='word_1_7' title='bbox 1287 393 1385 428; x_wconf 91' lang='lat' dir='ltr'><strong>non</strong></span> <span class='ocrx_word' id='word_1_8' title='bbox 1421 376 1697 444; x_wconf 84' lang='lat' dir='ltr'><strong>sequendos</strong></span> <span class='ocrx_word' id='word_1_9' title='bbox 1734 378 1912 441; x_wconf 72' lang='lat' dir='ltr'><strong>docuit,</strong></span> 
     </span>
     <span class='ocr_line' id='line_1_3' title="bbox 113 462 1913 532; baseline -0.003 -14"><span class='ocrx_word' id='word_1_10' title='bbox 113 485 212 518; x_wconf 88' lang='lat' dir='ltr'><strong>non</strong></span> <span class='ocrx_word' id='word_1_11' title='bbox 250 476 412 519; x_wconf 88' lang='lat' dir='ltr'><strong>autem</strong></span> <span class='ocrx_word' id='word_1_12' title='bbox 449 483 534 517; x_wconf 92' lang='lat' dir='ltr'><strong>eos</strong></span> <span class='ocrx_word' id='word_1_13' title='bbox 565 468 801 532; x_wconf 79' lang='lat' dir='ltr'><strong>factiosa</strong></span> <span class='ocrx_word' id='word_1_14' title='bbox 837 467 1231 531; x_wconf 73' lang='lat' dir='ltr'><em>conspiratione</em></span> <span class='ocrx_word' id='word_1_15' title='bbox 1279 482 1306 514; x_wconf 87' lang='lat' dir='ltr'><strong>e</strong></span> <span class='ocrx_word' id='word_1_16' title='bbox 1352 464 1458 515; x_wconf 77' lang='lat' dir='ltr'><strong>suis</strong></span> <span class='ocrx_word' id='word_1_17' title='bbox 1506 462 1714 513; x_wconf 81' lang='lat' dir='ltr'><strong>sedibus</strong></span> <span class='ocrx_word' id='word_1_18' title='bbox 1751 481 1913 513; x_wconf 81' lang='lat' dir='ltr'><strong>remo-</strong></span> 
     </span>
     <span class='ocr_line' id='line_1_4' title="bbox 113 546 1914 620; baseline -0.003 -17"><span class='ocrx_word' id='word_1_19' title='bbox 113 555 335 613; x_wconf 67' lang='lat' dir='ltr'><strong>vendos-,-</strong></span> <span class='ocrx_word' id='word_1_20' title='bbox 375 549 654 620; x_wconf 77' lang='lat' dir='ltr'><strong>adjecitque</strong></span> <span class='ocrx_word' id='word_1_21' title='bbox 679 548 955 618; x_wconf 85' lang='lat' dir='ltr'><strong>exemplum</strong></span> <span class='ocrx_word' id='word_1_22' title='bbox 986 546 1146 611; x_wconf 87' lang='lat' dir='ltr'><strong>Pauli,</strong></span> <span class='ocrx_word' id='word_1_23' title='bbox 1185 551 1277 617; x_wconf 79' lang='lat' dir='ltr'><strong>qui</strong></span> <span class='ocrx_word' id='word_1_24' title='bbox 1315 547 1480 598; x_wconf 78' lang='lat' dir='ltr'><strong>Petro</strong></span> <span class='ocrx_word' id='word_1_25' title='bbox 1516 547 1618 598; x_wconf 76' lang='lat' dir='ltr'><strong>sibi</strong></span> <span class='ocrx_word' id='word_1_26' title='bbox 1644 549 1914 615; x_wconf 75' lang='lat' dir='ltr'><strong>praelate,</strong></span> 
     </span>
     <span class='ocr_line' id='line_1_5' title="bbox 113 633 1914 700; baseline -0.003 -12"><span class='ocrx_word' id='word_1_27' title='bbox 113 656 215 688; x_wconf 79' lang='lat' dir='ltr'><strong>non</strong></span> <span class='ocrx_word' id='word_1_28' title='bbox 252 643 393 688; x_wconf 82' lang='lat' dir='ltr'><strong>recte</strong></span> <span class='ocrx_word' id='word_1_29' title='bbox 439 636 704 686; x_wconf 76' lang='lat' dir='ltr'><strong><em>incedenti</em></strong></span> <span class='ocrx_word' id='word_1_30' title='bbox 749 635 823 684; x_wconf 78' lang='lat' dir='ltr'><strong>ad</strong></span> <span class='ocrx_word' id='word_1_31' title='bbox 855 636 1124 685; x_wconf 68' lang='lat' dir='ltr'><strong>veritatem</strong></span> <span class='ocrx_word' id='word_1_32' title='bbox 1163 633 1471 700; x_wconf 60' lang='lat' dir='ltr'><strong>Evangelii,</strong></span> <span class='ocrx_word' id='word_1_33' title='bbox 1514 634 1570 683; x_wconf 81' lang='lat' dir='ltr'><strong>in</strong></span> <span class='ocrx_word' id='word_1_34' title='bbox 1601 634 1801 700; x_wconf 81' lang='lat' dir='ltr'><strong>faciem</strong></span> <span class='ocrx_word' id='word_1_35' title='bbox 1836 650 1914 683; x_wconf 76' lang='lat' dir='ltr'><strong>&#39;rc-</strong></span> 
     </span>
     <span class='ocr_line' id='line_1_6' title="bbox 111 714 1912 787; baseline -0.003 -15"><span class='ocrx_word' id='word_1_36' title='bbox 111 724 258 780; x_wconf 79' lang='lat' dir='ltr'><em>stitit,</em></span> <span class='ocrx_word' id='word_1_37' title='bbox 292 738 399 771; x_wconf 78' lang='lat' dir='ltr'><strong>non</strong></span> <span class='ocrx_word' id='word_1_38' title='bbox 434 725 604 770; x_wconf 82' lang='lat' dir='ltr'><strong>tamen</strong></span> <span class='ocrx_word' id='word_1_39' title='bbox 630 735 745 769; x_wconf 79' lang='lat' dir='ltr'><strong>cum</strong></span> <span class='ocrx_word' id='word_1_40' title='bbox 771 718 972 787; x_wconf 80' lang='lat' dir='ltr'><strong>abjecit.</strong></span> <span class='ocrx_word' id='word_1_41' title='bbox 1025 714 1500 785; x_wconf 64' lang='lat' dir='ltr'><strong>Integrum‘textum</strong></span> <span class='ocrx_word' id='word_1_42' title='bbox 1523 715 1703 786; x_wconf 82' lang='lat' dir='ltr'><strong>protuli</strong></span> <span class='ocrx_word' id='word_1_43' title='bbox 1727 734 1834 786; x_wconf 88' lang='lat' dir='ltr'><strong>cap.</strong></span> <span class='ocrx_word' id='word_1_44' title='bbox 1862 715 1912 767; x_wconf 85' lang='lat'><strong>5.</strong></span> 
     </span>
     <span class='ocr_line' id='line_1_7' title="bbox 116 796 998 855; baseline -0.005 0"><span class='ocrx_word' id='word_1_45' title='bbox 116 822 248 855; x_wconf 88' lang='lat' dir='ltr'><strong>num.</strong></span> <span class='ocrx_word' id='word_1_46' title='bbox 289 803 374 855; x_wconf 82' lang='lat'><strong>14.</strong></span> <span class='ocrx_word' id='word_1_47' title='bbox 994 796 998 799; x_wconf 60' lang='grc'><strong>’</strong></span> 
     </span>
    </p>

    <p class='ocr_par' dir='ltr' id='par_1_3' title="bbox 110 883 1960 2651">
     <span class='ocr_line' id='line_1_8' title="bbox 148 883 1918 955; baseline -0.003 -14"><span class='ocrx_word' id='word_1_48' title='bbox 148 949 150 953; x_wconf 38' lang='grc'><strong>,</strong></span> <span class='ocrx_word' id='word_1_49' title='bbox 243 888 306 941; x_wconf 82' lang='grc'><strong>’7.</strong></span> <span class='ocrx_word' id='word_1_50' title='bbox 379 883 509 952; x_wconf 80' lang='lat' dir='ltr'><strong>Quid</strong></span> <span class='ocrx_word' id='word_1_51' title='bbox 544 886 740 939; x_wconf 90' lang='lat' dir='ltr'><strong>tandem</strong></span> <span class='ocrx_word' id='word_1_52' title='bbox 794 887 995 940; x_wconf 83' lang='lat' dir='ltr'>remedii</span> <span class='ocrx_word' id='word_1_53' title='bbox 1045 886 1312 940; x_wconf 87' lang='lat' dir='ltr'><strong>necessarii</strong></span> <span class='ocrx_word' id='word_1_54' title='bbox 1361 885 1559 937; x_wconf 90' lang='lat' dir='ltr'><strong>nomine</strong></span> <span class='ocrx_word' id='word_1_55' title='bbox 1586 887 1670 955; x_wconf 87' lang='lat' dir='ltr'><strong>jus</strong></span> <span class='ocrx_word' id='word_1_56' title='bbox 1727 884 1918 939; x_wconf 87' lang='lat' dir='ltr'><strong>concilii</strong></span> 
     </span>
     <span class='ocr_line' id='line_1_9' title="bbox 115 970 1918 1042; baseline -0.001 -17"><span class='ocrx_word' id='word_1_57' title='bbox 115 971 362 1041; x_wconf 85' lang='lat' dir='ltr'><strong>generalis</strong></span> <span class='ocrx_word' id='word_1_58' title='bbox 401 990 551 1042; x_wconf 86' lang='lat' dir='ltr'><strong>supra</strong></span> <span class='ocrx_word' id='word_1_59' title='bbox 575 971 870 1026; x_wconf 80' lang='lat' dir='ltr'><strong>Pontificem</strong></span> <span class='ocrx_word' id='word_1_60' title='bbox 908 973 1156 1039; x_wconf 81' lang='lat' dir='ltr'><strong>adstruas,</strong></span> <span class='ocrx_word' id='word_1_61' title='bbox 1192 972 1303 1023; x_wconf 90' lang='lat' dir='ltr'><strong>dum</strong></span> <span class='ocrx_word' id='word_1_62' title='bbox 1338 970 1607 1023; x_wconf 90' lang='lat' dir='ltr'><strong>remedium</strong></span> <span class='ocrx_word' id='word_1_63' title='bbox 1643 970 1918 1041; x_wconf 87' lang='lat' dir='ltr'><strong>hujusmodi</strong></span> 
     </span>
     <span class='ocr_line' id='line_1_10' title="bbox 112 1055 1960 1126; baseline -0.001 -19"><span class='ocrx_word' id='word_1_64' title='bbox 112 1075 200 1126; x_wconf 89' lang='lat' dir='ltr'><strong>per</strong></span> <span class='ocrx_word' id='word_1_65' title='bbox 236 1074 290 1108; x_wconf 91' lang='lat' dir='ltr'><strong>se</strong></span> <span class='ocrx_word' id='word_1_66' title='bbox 327 1074 426 1109; x_wconf 89' lang='lat' dir='ltr'><strong>non</strong></span> <span class='ocrx_word' id='word_1_67' title='bbox 475 1057 599 1109; x_wconf 85' lang='lat' dir='ltr'><strong>satis</strong></span> <span class='ocrx_word' id='word_1_68' title='bbox 646 1058 824 1110; x_wconf 80' lang='lat' dir='ltr'><strong>efficax</strong></span> <span class='ocrx_word' id='word_1_69' title='bbox 870 1065 923 1109; x_wconf 92' lang='lat' dir='ltr'><strong>et</strong></span> <span class='ocrx_word' id='word_1_70' title='bbox 965 1056 1162 1109; x_wconf 60' lang='lat' dir='ltr'><strong>‘aliunde</strong></span> <span class='ocrx_word' id='word_1_71' title='bbox 1210 1055 1541 1107; x_wconf 87' lang='lat' dir='ltr'><strong>difficillimum</strong></span> <span class='ocrx_word' id='word_1_72' title='bbox 1568 1055 1693 1120; x_wconf 73' lang='lat' dir='ltr'><strong>sit,</strong></span> <span class='ocrx_word' id='word_1_73' title='bbox 1716 1073 1777 1108; x_wconf 15' lang='lat' dir='ltr'><strong>rac</strong></span> <span class='ocrx_word' id='word_1_74' title='bbox 1812 1056 1917 1109; x_wconf 89' lang='lat' dir='ltr'><strong>fere</strong></span> <span class='ocrx_word' id='word_1_75' title='bbox 1958 1080 1960 1082; x_wconf 53' lang='lat'>&gt;</span> 
     </span>
     <span class='ocr_line' id='line_1_11' title="bbox 110 1139 1918 1211; baseline 0 -19"><span class='ocrx_word' id='word_1_76' title='bbox 110 1140 444 1211; x_wconf 79' lang='lat' dir='ltr'><strong>impossibile?</strong></span> <span class='ocrx_word' id='word_1_77' title='bbox 518 1141 588 1194; x_wconf 89' lang='lat' dir='ltr'><strong>Ut</strong></span> <span class='ocrx_word' id='word_1_78' title='bbox 623 1143 806 1195; x_wconf 78' lang='lat' dir='ltr'><strong>efficax</strong></span> <span class='ocrx_word' id='word_1_79' title='bbox 843 1139 994 1203; x_wconf 83' lang='lat' dir='ltr'><strong>esset,</strong></span> <span class='ocrx_word' id='word_1_80' title='bbox 1031 1149 1081 1192; x_wconf 90' lang='lat' dir='ltr'><strong>et</strong></span> <span class='ocrx_word' id='word_1_81' title='bbox 1117 1139 1342 1192; x_wconf 83' lang='lat' dir='ltr'><strong>effectum</strong></span> <span class='ocrx_word' id='word_1_82' title='bbox 1379 1147 1604 1209; x_wconf 88' lang='lat' dir='ltr'><strong>pareret,</strong></span> <span class='ocrx_word' id='word_1_83' title='bbox 1651 1158 1795 1209; x_wconf 90' lang='lat' dir='ltr'><strong>quem</strong></span> <span class='ocrx_word' id='word_1_84' title='bbox 1815 1158 1918 1193; x_wconf 83' lang='lat' dir='ltr'><strong>-nc-</strong></span> 
     </span>
     <span class='ocr_line' id='line_1_12' title="bbox 112 1212 1918 1297; baseline -0.002 -19"><span class='ocrx_word' id='word_1_85' title='bbox 112 1225 329 1279; x_wconf 77' lang='lat' dir='ltr'><strong>cessitas</strong></span> <span class='ocrx_word' id='word_1_86' title='bbox 357 1226 631 1294; x_wconf 82' lang='lat' dir='ltr'><strong>requireret</strong></span> <span class='ocrx_word' id='word_1_87' title='bbox 649 1264 664 1290; x_wconf 90' lang='lat'>‚</span> <span class='ocrx_word' id='word_1_88' title='bbox 709 1229 794 1297; x_wconf 87' lang='lat' dir='ltr'><strong>jus</strong></span> <span class='ocrx_word' id='word_1_89' title='bbox 841 1224 995 1296; x_wconf 89' lang='lat' dir='ltr'><strong>ipsius</strong></span> <span class='ocrx_word' id='word_1_90' title='bbox 1024 1212 1244 1276; x_wconf 71' lang='lat' dir='ltr'><strong>vconcilii</strong></span> <span class='ocrx_word' id='word_1_91' title='bbox 1298 1224 1499 1276; x_wconf 81' lang='lat' dir='ltr'><strong>deberet</strong></span> <span class='ocrx_word' id='word_1_92' title='bbox 1551 1240 1664 1275; x_wconf 91' lang='lat' dir='ltr'><strong>esse</strong></span> <span class='ocrx_word' id='word_1_93' title='bbox 1717 1223 1918 1275; x_wconf 88' lang='lat' dir='ltr'><strong>omnino</strong></span> 
     </span>
     <span class='ocr_line' id='line_1_13' title="bbox 113 1306 1918 1381; baseline -0.002 -19"><span class='ocrx_word' id='word_1_94' title='bbox 113 1320 326 1373; x_wconf 86' lang='lat' dir='ltr'><strong>certum,</strong></span> <span class='ocrx_word' id='word_1_95' title='bbox 357 1310 441 1363; x_wconf 80' lang='lat' dir='ltr'><strong>de</strong></span> <span class='ocrx_word' id='word_1_96' title='bbox 478 1328 572 1378; x_wconf 85' lang='lat' dir='ltr'><strong>quo</strong></span> <span class='ocrx_word' id='word_1_97' title='bbox 621 1328 765 1363; x_wconf 85' lang='lat' dir='ltr'><strong>nemo</strong></span> <span class='ocrx_word' id='word_1_98' title='bbox 802 1318 972 1381; x_wconf 83' lang='lat' dir='ltr'><strong>posset</strong></span> <span class='ocrx_word' id='word_1_99' title='bbox 1017 1308 1302 1379; x_wconf 44' lang='lat' dir='ltr'><strong>ambigeres</strong></span> <span class='ocrx_word' id='word_1_100' title='bbox 1362 1306 1422 1360; x_wconf 87' lang='lat' dir='ltr'><strong>Si</strong></span> <span class='ocrx_word' id='word_1_101' title='bbox 1477 1307 1607 1360; x_wconf 92' lang='lat' dir='ltr'><strong>enim</strong></span> <span class='ocrx_word' id='word_1_102' title='bbox 1637 1306 1779 1378; x_wconf 89' lang='lat' dir='ltr'><strong>Papa</strong></span> <span class='ocrx_word' id='word_1_103' title='bbox 1817 1325 1918 1360; x_wconf 90' lang='lat' dir='ltr'><strong>non</strong></span> 
     </span>
     <span class='ocr_line' id='line_1_14' title="bbox 112 1392 1918 1465; baseline -0.001 -18"><span class='ocrx_word' id='word_1_104' title='bbox 112 1394 278 1447; x_wconf 81' lang='lat' dir='ltr'><strong>credat</strong></span> <span class='ocrx_word' id='word_1_105' title='bbox 317 1411 373 1446; x_wconf 92' lang='lat' dir='ltr'><strong>se</strong></span> <span class='ocrx_word' id='word_1_106' title='bbox 410 1394 612 1447; x_wconf 90' lang='lat' dir='ltr'><strong>subesse</strong></span> <span class='ocrx_word' id='word_1_107' title='bbox 631 1394 871 1459; x_wconf 81' lang='lat' dir='ltr'><strong>concilio,</strong></span> <span class='ocrx_word' id='word_1_108' title='bbox 909 1394 1022 1463; x_wconf 88' lang='lat' dir='ltr'><strong>quid</strong></span> <span class='ocrx_word' id='word_1_109' title='bbox 1058 1393 1248 1465; x_wconf 88' lang='lat' dir='ltr'><strong>sperari</strong></span> <span class='ocrx_word' id='word_1_110' title='bbox 1285 1402 1451 1463; x_wconf 87' lang='lat' dir='ltr'><strong>potest</strong></span> <span class='ocrx_word' id='word_1_111' title='bbox 1475 1392 1679 1446; x_wconf 86' lang='lat' dir='ltr'><strong>remedii</strong></span> <span class='ocrx_word' id='word_1_112' title='bbox 1716 1410 1786 1446; x_wconf 85' lang='lat' dir='ltr'><strong>ex</strong></span> <span class='ocrx_word' id='word_1_113' title='bbox 1812 1395 1918 1463; x_wconf 90' lang='lat' dir='ltr'><strong>ejus</strong></span> 
     </span>
     <span class='ocr_line' id='line_1_15' title="bbox 111 1478 1920 1548; baseline 0 -18"><span class='ocrx_word' id='word_1_114' title='bbox 111 1478 361 1532; x_wconf 81' lang='lat' dir='ltr'><strong>decretis?</strong></span> <span class='ocrx_word' id='word_1_115' title='bbox 395 1478 577 1548; x_wconf 21' lang='lat' dir='ltr'><strong>*Neque</strong></span> <span class='ocrx_word' id='word_1_116' title='bbox 613 1481 766 1531; x_wconf 87' lang='lat' dir='ltr'><strong>solnm</strong></span> <span class='ocrx_word' id='word_1_117' title='bbox 804 1488 995 1534; x_wconf 74' lang='lat' dir='ltr'><strong>certum,</strong></span> <span class='ocrx_word' id='word_1_118' title='bbox 1029 1479 1230 1531; x_wconf 77' lang='lat' dir='ltr'><strong>deberet</strong></span> <span class='ocrx_word' id='word_1_119' title='bbox 1265 1496 1378 1531; x_wconf 90' lang='lat' dir='ltr'><strong>esse</strong></span> <span class='ocrx_word' id='word_1_120' title='bbox 1413 1478 1731 1531; x_wconf 84' lang='lat' dir='ltr'><strong>conciliorum</strong></span> <span class='ocrx_word' id='word_1_121' title='bbox 1767 1495 1920 1547; x_wconf 88' lang='lat' dir='ltr'><strong>gene-</strong></span> 
     </span>
     <span class='ocr_line' id='line_1_16' title="bbox 112 1562 1919 1634; baseline -0.001 -19"><span class='ocrx_word' id='word_1_122' title='bbox 112 1564 284 1615; x_wconf 86' lang='lat' dir='ltr'><strong>ralium</strong></span> <span class='ocrx_word' id='word_1_123' title='bbox 319 1566 427 1634; x_wconf 73' lang='lat' dir='ltr'><strong>jus,</strong></span> <span class='ocrx_word' id='word_1_124' title='bbox 454 1573 511 1615; x_wconf 87' lang='lat' dir='ltr'><strong>ut</strong></span> <span class='ocrx_word' id='word_1_125' title='bbox 545 1564 878 1618; x_wconf 86' lang='lat' dir='ltr'><strong>necessariam</strong></span> <span class='ocrx_word' id='word_1_126' title='bbox 904 1563 1310 1616; x_wconf 80' lang='lat' dir='ltr'><strong>reformationem.</strong></span> <span class='ocrx_word' id='word_1_127' title='bbox 1343 1564 1624 1628; x_wconf 69' lang='lat' dir='ltr'><strong>induceret,</strong></span> <span class='ocrx_word' id='word_1_128' title='bbox 1663 1562 1750 1614; x_wconf 91' lang='lat' dir='ltr'><strong>sed</strong></span> <span class='ocrx_word' id='word_1_129' title='bbox 1774 1581 1919 1632; x_wconf 89' lang='lat' dir='ltr'><strong>prae-</strong></span> 
     </span>
     <span class='ocr_line' id='line_1_17' title="bbox 112 1647 1915 1720; baseline 0.002 -22"><span class='ocrx_word' id='word_1_130' title='bbox 112 1657 254 1700; x_wconf 86' lang='lat' dir='ltr'><strong>terea</strong></span> <span class='ocrx_word' id='word_1_131' title='bbox 303 1647 520 1715; x_wconf 85' lang='lat' dir='ltr'><strong>ipsorum</strong></span> <span class='ocrx_word' id='word_1_132' title='bbox 564 1649 890 1720; x_wconf 83' lang='lat' dir='ltr'><strong>congregatio</strong></span> <span class='ocrx_word' id='word_1_133' title='bbox 920 1648 1099 1702; x_wconf 71' lang='lat' dir='ltr'><strong>‘facilis</strong></span> <span class='ocrx_word' id='word_1_134' title='bbox 1151 1666 1270 1702; x_wconf 36' lang='lat' dir='ltr'><strong>nesse</strong></span> <span class='ocrx_word' id='word_1_135' title='bbox 1318 1649 1519 1701; x_wconf 87' lang='lat' dir='ltr'><strong>deberet</strong></span> <span class='ocrx_word' id='word_1_136' title='bbox 1548 1656 1617 1700; x_wconf 51' lang='lat' dir='ltr'><strong>¹et</strong></span> <span class='ocrx_word' id='word_1_137' title='bbox 1666 1647 1915 1717; x_wconf 82' lang='lat' dir='ltr'><strong>expedita..</strong></span> 
     </span>
     <span class='ocr_line' id='line_1_18' title="bbox 114 1731 1917 1802; baseline -0.001 -17"><span class='ocrx_word' id='word_1_138' title='bbox 114 1731 266 1785; x_wconf 86' lang='lat' dir='ltr'><strong>Cum-</strong></span> <span class='ocrx_word' id='word_1_139' title='bbox 294 1732 659 1787; x_wconf 81' lang='lat' dir='ltr'><strong>reformationis</strong></span> <span class='ocrx_word' id='word_1_140' title='bbox 715 1752 892 1787; x_wconf 85' lang='lat' dir='ltr'><strong>causae</strong></span> <span class='ocrx_word' id='word_1_141' title='bbox 916 1783 920 1786; x_wconf 74' lang='grc'>,</span> <span class='ocrx_word' id='word_1_142' title='bbox 946 1733 1309 1802; x_wconf 82' lang='lat' dir='ltr'><strong>frequentiores</strong></span> <span class='ocrx_word' id='word_1_143' title='bbox 1364 1734 1493 1797; x_wconf 91' lang='lat' dir='ltr'><strong>sint,</strong></span> <span class='ocrx_word' id='word_1_144' title='bbox 1554 1741 1605 1785; x_wconf 87' lang='lat' dir='ltr'><strong>et</strong></span> <span class='ocrx_word' id='word_1_145' title='bbox 1656 1732 1917 1784; x_wconf 86' lang='lat' dir='ltr'><strong>identidem</strong></span> 
     </span>
     <span class='ocr_line' id='line_1_19' title="bbox 114 1817 1919 1888; baseline -0.001 -19"><span class='ocrx_word' id='word_1_146' title='bbox 114 1836 292 1888; x_wconf 84' lang='lat' dir='ltr'><strong>urgere</strong></span> <span class='ocrx_word' id='word_1_147' title='bbox 338 1819 399 1870; x_wconf 90' lang='lat' dir='ltr'><strong>ab</strong></span> <span class='ocrx_word' id='word_1_148' title='bbox 449 1817 746 1870; x_wconf 76' lang='lat' dir='ltr'><strong>adversariis</strong></span> <span class='ocrx_word' id='word_1_149' title='bbox 803 1819 1094 1884; x_wconf 80' lang='lat' dir='ltr'><strong>credantur3</strong></span> <span class='ocrx_word' id='word_1_150' title='bbox 1149 1818 1403 1888; x_wconf 68' lang='lat' dir='ltr'><strong>generale?</strong></span> <span class='ocrx_word' id='word_1_151' title='bbox 1424 1827 1605 1870; x_wconf 53' lang='lat' dir='ltr'><strong>‘autem</strong></span> <span class='ocrx_word' id='word_1_152' title='bbox 1663 1817 1919 1877; x_wconf 86' lang='lat' dir='ltr'><strong>concilium</strong></span> 
     </span>
     <span class='ocr_line' id='line_1_20' title="bbox 116 1901 1921 1973; baseline -0.001 -18"><span class='ocrx_word' id='word_1_153' title='bbox 116 1917 325 1971; x_wconf 75' lang='lat' dir='ltr'><strong>cogere,</strong></span> <span class='ocrx_word' id='word_1_154' title='bbox 370 1920 466 1971; x_wconf 87' lang='lat' dir='ltr'><strong>quo</strong></span> <span class='ocrx_word' id='word_1_155' title='bbox 503 1901 788 1955; x_wconf 83' lang='lat' dir='ltr'><strong>necessaria</strong></span> <span class='ocrx_word' id='word_1_156' title='bbox 834 1902 1120 1955; x_wconf 86' lang='lat' dir='ltr'><strong>reformatio</strong></span> <span class='ocrx_word' id='word_1_157' title='bbox 1161 1903 1452 1968; x_wconf 75' lang='lat' dir='ltr'><strong>inducatur,</strong></span> <span class='ocrx_word' id='word_1_158' title='bbox 1499 1903 1590 1956; x_wconf 88' lang='lat' dir='ltr'><strong>hoc</strong></span> <span class='ocrx_word' id='word_1_159' title='bbox 1626 1902 1921 1973; x_wconf 83' lang='lat' dir='ltr'><strong>praesertim</strong></span> 
     </span>
     <span class='ocr_line' id='line_1_21' title="bbox 113 1987 1920 2058; baseline 0.001 -20"><span class='ocrx_word' id='word_1_160' title='bbox 113 1997 334 2058; x_wconf 87' lang='lat' dir='ltr'><strong>tempore</strong></span> <span class='ocrx_word' id='word_1_161' title='bbox 370 1987 696 2040; x_wconf 87' lang='lat' dir='ltr'><strong>difficillimum</strong></span> <span class='ocrx_word' id='word_1_162' title='bbox 734 1987 825 2051; x_wconf 66' lang='lat' dir='ltr'><strong>sit,</strong></span> <span class='ocrx_word' id='word_1_163' title='bbox 856 2006 914 2040; x_wconf 89' lang='lat' dir='ltr'><strong>ac</strong></span> <span class='ocrx_word' id='word_1_164' title='bbox 950 1988 1054 2041; x_wconf 90' lang='lat' dir='ltr'><strong>fere</strong></span> <span class='ocrx_word' id='word_1_165' title='bbox 1077 1988 1403 2058; x_wconf 83' lang='lat' dir='ltr'><strong>impossibile3</strong></span> <span class='ocrx_word' id='word_1_166' title='bbox 1441 1987 1709 2040; x_wconf 89' lang='lat' dir='ltr'><strong>remedium</strong></span> <span class='ocrx_word' id='word_1_167' title='bbox 1747 2005 1920 2040; x_wconf 85' lang='lat' dir='ltr'><strong>neces-</strong></span> 
     </span>
     <span class='ocr_line' id='line_1_22' title="bbox 113 2070 1920 2143; baseline 0 -20"><span class='ocrx_word' id='word_1_168' title='bbox 113 2072 308 2126; x_wconf 71' lang='lat' dir='ltr'><strong>sarium-</strong></span> <span class='ocrx_word' id='word_1_169' title='bbox 332 2073 526 2125; x_wconf 86' lang='lat' dir='ltr'><strong>deesset</strong></span> <span class='ocrx_word' id='word_1_170' title='bbox 561 2070 846 2135; x_wconf 78' lang='lat' dir='ltr'><strong>Ecclesiae,</strong></span> <span class='ocrx_word' id='word_1_171' title='bbox 884 2082 996 2136; x_wconf 87' lang='lat' dir='ltr'><strong>aut,</strong></span> <span class='ocrx_word' id='word_1_172' title='bbox 1033 2091 1096 2125; x_wconf 86' lang='lat' dir='ltr'><strong>ne</strong></span> <span class='ocrx_word' id='word_1_173' title='bbox 1119 2073 1288 2137; x_wconf 86' lang='lat' dir='ltr'><strong>desit,</strong></span> <span class='ocrx_word' id='word_1_174' title='bbox 1333 2076 1418 2143; x_wconf 81' lang='lat' dir='ltr'><strong>jus</strong></span> <span class='ocrx_word' id='word_1_175' title='bbox 1455 2073 1507 2124; x_wconf 92' lang='lat' dir='ltr'><strong>in</strong></span> <span class='ocrx_word' id='word_1_176' title='bbox 1544 2071 1735 2142; x_wconf 87' lang='lat' dir='ltr'><strong>Papam</strong></span> <span class='ocrx_word' id='word_1_177' title='bbox 1772 2073 1920 2126; x_wconf 87' lang='lat' dir='ltr'><strong>etiam</strong></span> 
     </span>
     <span class='ocr_line' id='line_1_23' title="bbox 113 2157 1922 2227; baseline 0.001 -19"><span class='ocrx_word' id='word_1_178' title='bbox 113 2157 316 2210; x_wconf 89' lang='lat' dir='ltr'><strong>invitum</strong></span> <span class='ocrx_word' id='word_1_179' title='bbox 344 2157 570 2210; x_wconf 69' lang='lat' dir='ltr'><strong>‘remedi-i</strong></span> <span class='ocrx_word' id='word_1_180' title='bbox 617 2175 768 2210; x_wconf 88' lang='lat' dir='ltr'><strong>causa</strong></span> <span class='ocrx_word' id='word_1_181' title='bbox 817 2175 918 2210; x_wconf 89' lang='lat' dir='ltr'><strong>non</strong></span> <span class='ocrx_word' id='word_1_182' title='bbox 972 2157 1092 2210; x_wconf 85' lang='lat' dir='ltr'><strong>solis</strong></span> <span class='ocrx_word' id='word_1_183' title='bbox 1134 2158 1457 2227; x_wconf 82' lang='lat' dir='ltr'><strong>generalibus</strong></span> <span class='ocrx_word' id='word_1_184' title='bbox 1516 2158 1737 2211; x_wconf 87' lang='lat' dir='ltr'><strong>conciliis</strong></span> <span class='ocrx_word' id='word_1_185' title='bbox 1786 2168 1922 2211; x_wconf 89' lang='lat' dir='ltr'><strong>esset</strong></span> 
     </span>
     <span class='ocr_line' id='line_1_24' title="bbox 115 2242 1921 2313; baseline 0.002 -21"><span class='ocrx_word' id='word_1_186' title='bbox 115 2243 438 2306; x_wconf 87' lang='lat' dir='ltr'><strong>tribuendum,</strong></span> <span class='ocrx_word' id='word_1_187' title='bbox 475 2243 578 2294; x_wconf 71' lang='lat' dir='ltr'><strong>sect</strong></span> <span class='ocrx_word' id='word_1_188' title='bbox 600 2242 750 2294; x_wconf 85' lang='lat' dir='ltr'><strong>etiam</strong></span> <span class='ocrx_word' id='word_1_189' title='bbox 773 2243 1171 2313; x_wconf 84' lang='lat' dir='ltr'><strong>particularibuS,</strong></span> <span class='ocrx_word' id='word_1_190' title='bbox 1207 2259 1332 2310; x_wconf 88' lang='lat' dir='ltr'><strong>quae</strong></span> <span class='ocrx_word' id='word_1_191' title='bbox 1358 2242 1628 2312; x_wconf 88' lang='lat' dir='ltr'><strong>promptius</strong></span> <span class='ocrx_word' id='word_1_192' title='bbox 1654 2252 1704 2295; x_wconf 91' lang='lat' dir='ltr'><strong>et</strong></span> <span class='ocrx_word' id='word_1_193' title='bbox 1727 2243 1921 2296; x_wconf 87' lang='lat' dir='ltr'><strong>facilius</strong></span> 
     </span>
     <span class='ocr_line' id='line_1_25' title="bbox 114 2326 1920 2397; baseline 0.001 -19"><span class='ocrx_word' id='word_1_194' title='bbox 114 2326 225 2397; x_wconf 82' lang='lat' dir='ltr'><strong>cogi</strong></span> <span class='ocrx_word' id='word_1_195' title='bbox 262 2336 460 2395; x_wconf 87' lang='lat' dir='ltr'><strong>queunt.</strong></span> <span class='ocrx_word' id='word_1_196' title='bbox 487 2327 589 2378; x_wconf 67' lang='lat' dir='ltr'><strong>ald</strong></span> <span class='ocrx_word' id='word_1_197' title='bbox 634 2336 794 2379; x_wconf 88' lang='lat' dir='ltr'><strong>aute-m</strong></span> <span class='ocrx_word' id='word_1_198' title='bbox 848 2328 891 2379; x_wconf 92' lang='lat' dir='ltr'><strong>si</strong></span> <span class='ocrx_word' id='word_1_199' title='bbox 932 2345 1004 2380; x_wconf 82' lang='lat' dir='ltr'><strong>ex</strong></span> <span class='ocrx_word' id='word_1_200' title='bbox 1044 2327 1350 2381; x_wconf 56' lang='lat' dir='ltr'><strong>&gt;necessitate</strong></span> <span class='ocrx_word' id='word_1_201' title='bbox 1397 2326 1599 2379; x_wconf 85' lang='lat' dir='ltr'><strong>remedii</strong></span> <span class='ocrx_word' id='word_1_202' title='bbox 1647 2327 1920 2381; x_wconf 87' lang='lat' dir='ltr'><strong>adversarii</strong></span> 
     </span>
     <span class='ocr_line' id='line_1_26' title="bbox 116 2406 1924 2482; baseline 0.001 -20"><span class='ocrx_word' id='word_1_203' title='bbox 116 2420 364 2479; x_wconf 82' lang='lat' dir='ltr'><strong>nequeunt</strong></span> <span class='ocrx_word' id='word_1_204' title='bbox 400 2411 690 2476; x_wconf 78' lang='lat' dir='ltr'><strong>admittere3</strong></span> <span class='ocrx_word' id='word_1_205' title='bbox 728 2427 787 2463; x_wconf 88' lang='lat' dir='ltr'><strong>eo</strong></span> <span class='ocrx_word' id='word_1_206' title='bbox 824 2413 951 2481; x_wconf 82' lang='lat' dir='ltr'><strong>quod</strong></span> <span class='ocrx_word' id='word_1_207' title='bbox 986 2406 1125 2482; x_wconf 86' lang='lat' dir='ltr'><strong>Papa</strong></span> <span class='ocrx_word' id='word_1_208' title='bbox 1163 2412 1402 2481; x_wconf 85' lang='lat' dir='ltr'><strong>primatus</strong></span> <span class='ocrx_word' id='word_1_209' title='bbox 1440 2428 1591 2463; x_wconf 87' lang='lat' dir='ltr'><strong>causa</strong></span> <span class='ocrx_word' id='word_1_210' title='bbox 1616 2411 1924 2479; x_wconf 34' lang='lat' dir='ltr'><strong>*quibuslibet</strong></span> 
     </span>
     <span class='ocr_line' id='line_1_27' title="bbox 117 2495 1921 2568; baseline 0 -19"><span class='ocrx_word' id='word_1_211' title='bbox 117 2495 491 2566; x_wconf 83' lang='lat' dir='ltr'><strong>particularibus</strong></span> <span class='ocrx_word' id='word_1_212' title='bbox 526 2496 731 2566; x_wconf 79' lang='lat' dir='ltr'><strong>synodis</strong></span> <span class='ocrx_word' id='word_1_213' title='bbox 758 2506 1016 2568; x_wconf 72' lang='lat' dir='ltr'><strong>praestat:</strong></span> <span class='ocrx_word' id='word_1_214' title='bbox 1064 2515 1222 2566; x_wconf 89' lang='lat' dir='ltr'><strong>neque</strong></span> <span class='ocrx_word' id='word_1_215' title='bbox 1271 2506 1348 2549; x_wconf 80' lang='lat' dir='ltr'><strong>ex‘</strong></span> <span class='ocrx_word' id='word_1_216' title='bbox 1387 2496 1557 2548; x_wconf 89' lang='lat' dir='ltr'><strong>eodem</strong></span> <span class='ocrx_word' id='word_1_217' title='bbox 1595 2496 1797 2548; x_wconf 87' lang='lat' dir='ltr'><strong>remedii</strong></span> <span class='ocrx_word' id='word_1_218' title='bbox 1833 2508 1921 2549; x_wconf 83' lang='lat' dir='ltr'><strong>ne-</strong></span> 
     </span>
     <span class='ocr_line' id='line_1_28' title="bbox 113 2581 1920 2651; baseline -0.001 -17"><span class='ocrx_word' id='word_1_219' title='bbox 113 2581 319 2634; x_wconf 84' lang='lat' dir='ltr'><strong>cessarii</strong></span> <span class='ocrx_word' id='word_1_220' title='bbox 356 2581 494 2632; x_wconf 90' lang='lat' dir='ltr'><strong>titulo</strong></span> <span class='ocrx_word' id='word_1_221' title='bbox 531 2581 854 2637; x_wconf 80' lang='lat' dir='ltr'><strong>tribuendum</strong></span> <span class='ocrx_word' id='word_1_222' title='bbox 879 2582 974 2634; x_wconf 90' lang='lat' dir='ltr'><strong>erit</strong></span> <span class='ocrx_word' id='word_1_223' title='bbox 1024 2581 1229 2635; x_wconf 87' lang='lat' dir='ltr'><strong>concilio</strong></span> <span class='ocrx_word' id='word_1_224' title='bbox 1280 2581 1532 2651; x_wconf 83' lang='lat' dir='ltr'><strong>generali,</strong></span> <span class='ocrx_word' id='word_1_225' title='bbox 1578 2598 1687 2635; x_wconf 85' lang='lat' dir='ltr'><strong>eum</strong></span> <span class='ocrx_word' id='word_1_226' title='bbox 1736 2581 1815 2633; x_wconf 90' lang='lat' dir='ltr'><strong>ille</strong></span> <span class='ocrx_word' id='word_1_227' title='bbox 1853 2600 1920 2633; x_wconf 85' lang='lat' dir='ltr'><strong>ex</strong></span> 
     </span>
    </p>
   </div>
   <div class='ocr_carea' id='block_1_3' title="bbox 113 2666 1922 2819">
    <p class='ocr_par' dir='ltr' id='par_1_4' title="bbox 113 2666 1922 2819">
     <span class='ocr_line' id='line_1_29' title="bbox 113 2666 1922 2738; baseline 0 -20"><span class='ocrx_word' id='word_1_228' title='bbox 113 2666 282 2722; x_wconf 79' lang='lat' dir='ltr'><strong>eodem</strong></span> <span class='ocrx_word' id='word_1_229' title='bbox 309 2666 520 2736; x_wconf 88' lang='lat' dir='ltr'><strong>primatu</strong></span> <span class='ocrx_word' id='word_1_230' title='bbox 545 2684 644 2719; x_wconf 88' lang='lat' dir='ltr'><strong>non</strong></span> <span class='ocrx_word' id='word_1_231' title='bbox 669 2676 768 2719; x_wconf 82' lang='lat' dir='ltr'><strong>tam</strong></span> <span class='ocrx_word' id='word_1_232' title='bbox 796 2667 1188 2738; x_wconf 81' lang='lat' dir='ltr'><strong>particularibus,</strong></span> <span class='ocrx_word' id='word_1_233' title='bbox 1209 2685 1351 2735; x_wconf 88' lang='lat' dir='ltr'><strong>quam</strong></span> <span class='ocrx_word' id='word_1_234' title='bbox 1376 2666 1692 2736; x_wconf 83' lang='lat' dir='ltr'><strong>generalibus</strong></span> <span class='ocrx_word' id='word_1_235' title='bbox 1718 2667 1922 2737; x_wconf 80' lang='lat' dir='ltr'><strong>synodis</strong></span> 
     </span>
     <span class='ocr_line' id='line_1_30' title="bbox 118 2750 1185 2819; baseline -0.006 -18"><span class='ocrx_word' id='word_1_236' title='bbox 118 2750 184 2801; x_wconf 88' lang='lat' dir='ltr'><strong>sit</strong></span> <span class='ocrx_word' id='word_1_237' title='bbox 220 2750 461 2819; x_wconf 83' lang='lat' dir='ltr'><strong>superior.</strong></span> <span class='ocrx_word' id='word_1_238' title='bbox 506 2772 508 2776; x_wconf 89' lang='lat'><em>·</em></span> <span class='ocrx_word' id='word_1_239' title='bbox 1181 2764 1185 2767; x_wconf 56' lang='lat'><em>¹</em></span> 
     </span>
    </p>
   </div>
   <div class='ocr_carea' id='block_1_4' title="bbox 118 2885 1924 3330">
    <p class='ocr_par' dir='ltr' id='par_1_5' title="bbox 118 2885 1924 3330">
     <span class='ocr_line' id='line_1_31' title="bbox 944 2885 1243 2968; baseline 0.003 -23"><span class='ocrx_word' id='word_1_240' title='bbox 944 2889 989 2961; x_wconf 68' lang='lat' dir='ltr'><strong>g.</strong></span> <span class='ocrx_word' id='word_1_241' title='bbox 1028 2885 1088 2946; x_wconf 86' lang='lat'><strong>11.</strong></span> <span class='ocrx_word' id='word_1_242' title='bbox 1239 2965 1243 2968; x_wconf 12' lang='grc' dir='ltr'>η</span> 
     </span>
     <span class='ocr_line' id='line_1_32' title="bbox 518 2984 1525 3054; baseline 0.007 -22"><span class='ocrx_word' id='word_1_243' title='bbox 518 2995 572 3049; x_wconf 67' lang='lat' dir='ltr'><strong>De</strong></span> <span class='ocrx_word' id='word_1_244' title='bbox 606 2997 781 3035; x_wconf 72' lang='lat' dir='ltr'><strong>remedio</strong></span> <span class='ocrx_word' id='word_1_245' title='bbox 799 2998 860 3053; x_wconf 57' lang='lat' dir='ltr'><strong>:17st</strong></span> <span class='ocrx_word' id='word_1_246' title='bbox 892 3009 992 3046; x_wconf 66' lang='lat' dir='ltr'><strong>casu</strong></span> <span class='ocrx_word' id='word_1_247' title='bbox 1023 2984 1209 3043; x_wconf 70' lang='lat' dir='ltr'><strong>haeresis</strong></span> <span class='ocrx_word' id='word_1_248' title='bbox 1239 2998 1355 3054; x_wconf 76' lang='lat' dir='ltr'><strong>circa</strong></span> <span class='ocrx_word' id='word_1_249' title='bbox 1377 2997 1525 3047; x_wconf 83' lang='lat' dir='ltr'><strong>fldem.</strong></span> 
     </span>
     <span class='ocr_line' id='line_1_33' title="bbox 258 3089 1924 3161; baseline 0 -19"><span class='ocrx_word' id='word_1_250' title='bbox 258 3090 309 3142; x_wconf 80' lang='lat'><strong>8.</strong></span> <span class='ocrx_word' id='word_1_251' title='bbox 388 3089 673 3141; x_wconf 83' lang='lat' dir='ltr'><strong>Remedium</strong></span> <span class='ocrx_word' id='word_1_252' title='bbox 723 3089 773 3140; x_wconf 92' lang='lat' dir='ltr'><strong>in</strong></span> <span class='ocrx_word' id='word_1_253' title='bbox 813 3098 928 3142; x_wconf 87' lang='lat' dir='ltr'><strong>casu</strong></span> <span class='ocrx_word' id='word_1_254' title='bbox 979 3091 1228 3158; x_wconf 87' lang='lat' dir='ltr'><strong>haeresis,</strong></span> <span class='ocrx_word' id='word_1_255' title='bbox 1284 3093 1334 3143; x_wconf 91' lang='lat' dir='ltr'><strong>in</strong></span> <span class='ocrx_word' id='word_1_256' title='bbox 1380 3092 1533 3161; x_wconf 87' lang='lat' dir='ltr'><strong>quam</strong></span> <span class='ocrx_word' id='word_1_257' title='bbox 1563 3092 1804 3144; x_wconf 73' lang='lat' dir='ltr'><strong>Pontifex</strong></span> <span class='ocrx_word' id='word_1_258' title='bbox 1848 3093 1924 3142; x_wconf 87' lang='lat' dir='ltr'><strong>in-</strong></span> 
     </span>
     <span class='ocr_line' id='line_1_34' title="bbox 118 3173 1921 3249; baseline 0.003 -26"><span class='ocrx_word' id='word_1_259' title='bbox 118 3173 328 3234; x_wconf 80' lang='lat' dir='ltr'><strong>cideret,</strong></span> <span class='ocrx_word' id='word_1_260' title='bbox 372 3174 640 3244; x_wconf 84' lang='lat' dir='ltr'><strong>promptius</strong></span> <span class='ocrx_word' id='word_1_261' title='bbox 679 3184 727 3226; x_wconf 90' lang='lat' dir='ltr'><strong>et</strong></span> <span class='ocrx_word' id='word_1_262' title='bbox 762 3175 952 3227; x_wconf 83' lang='lat' dir='ltr'><strong>facilius</strong></span> <span class='ocrx_word' id='word_1_263' title='bbox 999 3176 1226 3249; x_wconf 84' lang='lat' dir='ltr'><strong>suppetit.</strong></span> <span class='ocrx_word' id='word_1_264' title='bbox 1303 3174 1467 3233; x_wconf 88' lang='lat' dir='ltr'><strong>Casus</strong></span> <span class='ocrx_word' id='word_1_265' title='bbox 1506 3176 1727 3237; x_wconf 87' lang='lat' dir='ltr'><strong>haeresis</strong></span> <span class='ocrx_word' id='word_1_266' title='bbox 1766 3178 1921 3245; x_wconf 88' lang='lat' dir='ltr'><strong>quoad</strong></span> 
     </span>
     <span class='ocr_line' id='line_1_35' title="bbox 122 3252 1920 3330; baseline 0.002 -24"><span class='ocrx_word' id='word_1_267' title='bbox 122 3252 661 3312; x_wconf 75' lang='lat' dir='ltr'><strong>Summos-Pontifices</strong></span> <span class='ocrx_word' id='word_1_268' title='bbox 707 3278 807 3311; x_wconf 87' lang='lat' dir='ltr'><strong>non</strong></span> <span class='ocrx_word' id='word_1_269' title='bbox 858 3261 940 3312; x_wconf 92' lang='lat' dir='ltr'><strong>ille</strong></span> <span class='ocrx_word' id='word_1_270' title='bbox 998 3259 1315 3330; x_wconf 85' lang='lat' dir='ltr'><strong>intelligitur,</strong></span> <span class='ocrx_word' id='word_1_271' title='bbox 1363 3279 1457 3330; x_wconf 88' lang='lat' dir='ltr'><strong>quo</strong></span> <span class='ocrx_word' id='word_1_272' title='bbox 1509 3260 1715 3329; x_wconf 59' lang='lat' dir='ltr'><strong>aliquis*</strong></span> <span class='ocrx_word' id='word_1_273' title='bbox 1755 3279 1920 3312; x_wconf 89' lang='lat' dir='ltr'><strong>eorum</strong></span> 
     </span>
    </p>
   </div>
   <div class='ocr_carea' id='block_1_5' title="bbox 122 3342 1921 3499">
    <p class='ocr_par' dir='ltr' id='par_1_6' title="bbox 122 3342 1921 3499">
     <span class='ocr_line' id='line_1_36' title="bbox 122 3342 1920 3418; baseline 0.002 -26"><span class='ocrx_word' id='word_1_274' title='bbox 122 3358 190 3392; x_wconf 88' lang='lat' dir='ltr'><strong>ex</strong></span> <span class='ocrx_word' id='word_1_275' title='bbox 229 3342 388 3395; x_wconf 82' lang='lat' dir='ltr'><strong>officio</strong></span> <span class='ocrx_word' id='word_1_276' title='bbox 422 3343 656 3418; x_wconf 83' lang='lat' dir='ltr'><strong>definiens</strong></span> <span class='ocrx_word' id='word_1_277' title='bbox 695 3345 889 3414; x_wconf 86' lang='lat' dir='ltr'><strong>aliquod</strong></span> <span class='ocrx_word' id='word_1_278' title='bbox 927 3346 1103 3415; x_wconf 86' lang='lat' dir='ltr'><strong>dogma</strong></span> <span class='ocrx_word' id='word_1_279' title='bbox 1138 3345 1277 3410; x_wconf 88' lang='lat' dir='ltr'><strong>fidei,</strong></span> <span class='ocrx_word' id='word_1_280' title='bbox 1314 3348 1540 3398; x_wconf 85' lang='lat' dir='ltr'><strong>errorem</strong></span> <span class='ocrx_word' id='word_1_281' title='bbox 1574 3345 1830 3397; x_wconf 70' lang='lat' dir='ltr'><strong>definiret:</strong></span> <span class='ocrx_word' id='word_1_282' title='bbox 1876 3346 1920 3396; x_wconf 92' lang='lat' dir='ltr'><strong>id</strong></span> 
     </span>
     <span class='ocr_line' id='line_1_37' title="bbox 125 3427 1921 3499; baseline 0.002 -22"><span class='ocrx_word' id='word_1_283' title='bbox 125 3427 253 3478; x_wconf 90' lang='lat' dir='ltr'><strong>enim</strong></span> <span class='ocrx_word' id='word_1_284' title='bbox 292 3445 358 3479; x_wconf 86' lang='lat' dir='ltr'><strong>ex</strong></span> <span class='ocrx_word' id='word_1_285' title='bbox 398 3428 675 3482; x_wconf 80' lang='lat' dir='ltr'><strong>constitutis</strong></span> <span class='ocrx_word' id='word_1_286' title='bbox 714 3429 955 3499; x_wconf 78' lang='lat' dir='ltr'><strong>singulari</strong></span> <span class='ocrx_word' id='word_1_287' title='bbox 1000 3429 1124 3482; x_wconf 89' lang='lat' dir='ltr'><strong>libro</strong></span> <span class='ocrx_word' id='word_1_288' title='bbox 1174 3431 1232 3482; x_wconf 91' lang='lat' dir='ltr'><strong>de</strong></span> <span class='ocrx_word' id='word_1_289' title='bbox 1280 3449 1448 3483; x_wconf 84' lang='lat' dir='ltr'><strong>eorum</strong></span> <span class='ocrx_word' id='word_1_290' title='bbox 1494 3430 1836 3484; x_wconf 87' lang='lat' dir='ltr'><strong>infallibilitate</strong></span> <span class='ocrx_word' id='word_1_291' title='bbox 1875 3430 1921 3483; x_wconf 84' lang='lat' dir='ltr'><strong>in</strong></span> 
     </span>
    </p>
   </div>
  </div>
 </body>
</html>
