2326 3854
979 174 1149 180 -”---
1244 161 1319 197 Lx

468 316 522 358 ΙΙ.
554 318 605 360 In
630 315 706 359 illa
725 315 945 359 Febronii
978 332 1015 359 c.
1036 312 1077 356 2.
1111 311 1206 369 §.3.
1239 313 1406 370 quibus
1428 314 1662 358 contendit
1678 314 1927 360 Ecclesiam
1946 332 2081 374 posse

347 378 599 421 transferre
631 376 870 434 primatum
901 391 929 420 a
959 377 1162 419 Romano
1194 373 1253 417 ad
1285 372 1420 417 alium
1449 372 1725 432 Episcopum
1731 405 1950 421 ........
1976 393 2081 436 pag.
2114 376 2200 421 217

466 452 545 496 ΙΠ.
589 450 930 495 Animadversio
970 449 1015 492 in
1058 449 1201 492 verba
1242 447 1529 492 allocutionis
1559 448 1607 493 S.
1642 449 1866 507 Cypriani
1907 451 1965 497 ad
1993 452 2083 496 Pa·-

347 518 443 555 tres
476 511 669 556 Concilii
698 512 775 557 III.
810 509 1206 567 Carthaginensis,
1238 512 1288 552 et
1314 509 1363 552 in
1395 510 1764 554 commentarium
1796 525 1823 556 a
1853 511 2083 557 Febronio

346 571 502 616 iisdem
536 573 691 616 verbis
723 573 976 628 subjectum
1009 584 1107 628 cap.
1125 566 1169 613 2.
1204 570 1242 626 ᾗ.
1266 568 1303 611 l.
1337 584 1382 612 n.
1408 569 1442 614 Ι.
1474 574 1581 613 tom.
1604 567 1641 613 l.
1673 569 1849 628 pag.7l
1859 603 2072 616 ........
2111 571 2203 616 219

464 646 542 692 IV.
583 646 704 690 Num
738 645 1058 689 Tridentinum
1089 645 1304 702 generale
1337 644 1587 688 Concilium
1627 659 1766 702 supra
1797 645 1967 703 Papam
2001 661 2081 691 au-

347 707 604 807 ctoritaffim
638 706 910 751 exercuerit.
973 706 1023 749 In
1057 720 1156 762 cap.
1189 703 1232 748 6.
1264 705 1483 748 Febronii
1525 705 1563 762 §.
1601 702 1640 748 l.
1674 720 1791 749 num.
1823 702 1866 747 5.
1898 713 2004 752 tom.
2041 707 2080 753 I.
2114 766 2199 809 0³1

346 781 448 823 pag.
575 793 2140 810 ..................................................
2144 771 2180 809 22

343 901 387 944 d·
424 900 435 911 ·
466 841 520 886 V.
566 840 637 884 De
669 844 901 898 potestate
937 839 1272 897 jurisdictionis
1313 839 1636 897 distinguenda
1677 856 1706 884 a
1736 845 1970 898 potestate
2003 857 2081 886 or-
2111 900 2201 946 225

373 915 461 944 1n1s
464 931 2070 946 ......................................................
2174 928 2182 943 .

462 977 540 1021 VI.
572 977 623 1020 In
656 982 832 1022 textum
862 975 1084 1020 Febronii
1114 991 1152 1019 c.
1184 973 1228 1020 S.
1273 976 1310 1033 §.
1343 975 1386 1019 3.
1425 975 1505 1020 ubi
1534 975 1755 1019 nonnulla
1787 977 2080 1034 quorumdam

343 1038 633 1095 antiquorum
672 1041 1022 1095 sanctorumque
1061 1036 1334 1081 Pontificum
1374 1041 1507 1094 gesta
1548 1036 1787 1094 augendae
1834 1037 2080 1094 potestatis
2160 1090 2165 1091 ⁷

345 1097 532 1141 consilio
564 1097 793 1142 attribuit.
819 1119 2073 1142 .........................................
2110 1095 2199 1141 227

463 1171 560 1215 VII.
605 1172 657 1214 In
689 1172 908 1230 quaedam
940 1171 1039 1216 loca
1070 1171 1313 1227 Febronii‚
1344 1173 1424 1217 ubi
1455 1172 1775 1216 auctoritatem
1805 1170 2083 1217 Pontificum

342 1231 388 1273 in
422 1231 726 1288 provinciales
758 1232 959 1289 synodos
993 1238 1041 1276 et
1069 1232 1118 1276 in
1149 1233 1396 1290 majoribus
1429 1232 1578 1276 causis
1610 1232 1794 1277 vellicat
1797 1262 2072 1275 ..........
2111 1227 2202 1274 230

462 1306 581 1350 VIII.
612 1307 735 1349 Num
766 1306 1017 1351 auctoritas
1049 1305 1291 1350 Pontificia
1322 1306 1513 1351 utilitati
1544 1313 1627 1350 aut
1659 1306 1926 1355 necessitati
1958 1306 2079 1349 Con-

343 1366 545 1410 ciliorum
578 1365 854 1422 generalium
888 1370 1148 1424 opponatur
1151 1397 2067 1420 ...............................
2110 1362 2198 1409 235
