2326 3854
880 147 1086 155 ---
1186 113 1306 169 162
1408 146 1571 156 --

462 280 514 336 9.
588 278 782 349 Quodsi
827 282 888 335 ad
934 280 1275 353 impediendos
1323 280 1405 335 vel
1451 279 1698 333 tollendos
1746 279 2051 337 Pontificiae
2087 302 2175 356 po-

294 368 518 423 testatis
567 370 754 422 abusus
791 366 1081 420 Febronius
1132 386 1244 421 cum
1295 367 1480 421 ceteris
1529 367 1839 422 adversariis
1867 372 2175 436 contendat,

316 454 638 509 Summorum
676 454 979 508 Pontificum
1029 455 1381 508 auctoritatem
1429 464 1634 527 praeter
1673 454 1893 510 divinum
1933 473 1994 510 ae
2030 468 2177 511 natu-

318 544 427 597 rale
458 546 575 615 juS,
614 542 744 612 quod
785 541 973 612 negligi
1010 552 1210 614 potest,
1251 543 1579 597 coercendam
1619 560 1815 613 quoque
1856 560 1974 596 esse
2014 545 2179 597 sacris

319 630 594 685 canonibus
620 629 922 700 praesertim
950 630 1275 683 conciliorum
1301 627 1633 701 generalium,
1673 639 1724 682 et
1761 629 1835 682 ita
1873 631 1925 686 vi
1950 631 2179 686 coactiva

318 717 676 781 coercendam,
728 726 783 768 ut
819 716 970 770 iidem
1008 714 1318 783 Pontifices,
1358 716 1404 770 si
1443 718 1558 770 data
1596 726 1852 788 potestate
1890 718 2178 784 abutantur,

320 823 349 857 a
389 803 620 875 generali
660 804 856 874 synodo
895 803 1125 870 indicari,
1165 813 1218 858 et
1257 803 1332 875 (si
1360 820 1485 875 opus
1512 802 1609 875 sit)
1649 803 1829 876 deponi
1869 803 2020 858 etiam
2058 821 2178 876 pos-

318 891 449 956 sint,
500 890 616 961 quia
666 891 877 944 subsunt
917 890 1286 964 jurisdictioni,
1337 908 1465 960 quae
1511 889 1789 944 universali
1823 889 2090 946 Ecclesiae
2129 899 2181 944 et

318 977 653 1032 oecumenicis
715 978 929 1050 synodis
988 975 1280 1033 universam
1338 973 1622 1031 Ecclesiam
1678 979 2180 1050 repraesentantibus

318 1065 603 1119 immediate
643 1065 825 1119 collata
861 1065 985 1133 fuit3
1036 1066 1160 1118 haec
1198 1075 1278 1117 est
1315 1064 1401 1117 illa
1437 1064 1625 1130 thesis,
1665 1082 1814 1134 quam
1852 1066 2062 1131 falsam,
2098 1065 2179 1118 in·

316 1139 716 1221 firmissimisque
755 1153 1020 1211 momentis
1057 1153 1259 1220 fultam,
1315 1153 1503 1222 lotique
1550 1152 1838 1222 antiquitati
1875 1153 2183 1206 contrariam

318 1239 697 1309 ostendillibro
744 1239 1066 1312 praecedenti
1116 1238 1225 1310 (De
1275 1249 1463 1311 potest.
1503 1237 1700 1311 Ech).
1777 1237 1891 1293 Nec
1929 1239 2182 1311 quidpiam

318 1328 446 1399 apud
501 1325 811 1389 Febronium
861 1320 1106 1399 reperire
1139 1326 1336 1394 licebit,
1384 1327 1514 1397 quod
1563 1342 1636 1380 ex
1685 1326 1867 1381 ibidem
1915 1325 2182 1398 disputatis

319 1415 614 1467 dissolutum
654 1432 755 1466 non
794 1413 879 1465 sit.
957 1411 1108 1466 Solos
1132 1413 1280 1486 ,enim
1318 1424 1553 1467 auctores
1579 1414 1766 1486 allegat
1804 1414 2021 1485 ejusdem
2061 1430 2179 1466 sen-

319 1502 512 1555 tentiae
562 1510 830 1574 patronoS,
881 1499 965 1570 qui
1015 1496 1077 1553 ad
1114 1500 1345 1554 idoneam
1385 1502 1595 1572 alicujus
1633 1500 1793 1554 thesis
1831 1501 2178 1573 probationem

318 1606 630 1660 nequaquam
669 1588 900 1641 sufficere
937 1588 1132 1641 dicendi
1169 1599 1288 1641 sunt
1324 1605 1395 1641 ex
1431 1588 1515 1640 illo
1554 1585 1598 1640 F
1604 1586 1881 1641 ebroniano
1919 1585 2180 1660 principio,

318 1696 415 1748 quo
469 1695 571 1729 non
621 1674 957 1729 admittendas
1006 1674 1260 1745 significat
1309 1674 1377 1747 (t.
1426 1676 1470 1728 l.
1524 1693 1639 1747 pag.
1682 1676 1754 1728 50
1801 1674 1858 1728 in
1903 1673 2031 1742 line)
2079 1673 2177 1727 nisi

319 1782 406 1818 eas
446 1763 760 1828 sententias,
809 1765 877 1815 de
917 1763 1107 1832 quibus
1146 1764 1366 1816 scholae
1403 1765 1707 1822 catholicae
1747 1780 1927 1816 omnes
1964 1779 2183 1816 consen-

316 1856 472 1905 tiunt.
550 1848 790 1924 Synodos
830 1846 1282 1904 Constantiensem
1321 1858 1372 1904 et
1408 1849 1760 1904 Basileensem'
1792 1849 2006 1922 ingerit,
2051 1865 2183 1920 ‘qua-

317 1959 428 1992 rum
469 1955 691 1993 canones
727 1937 780 1990 in
821 1938 950 1990 hanc
986 1956 1095 1991 rem
1133 1938 1361 2010 objectos
1399 1956 1502 1991 non
1548 1937 1709 2009 magis
1746 1939 1962 2010 probare
1999 1935 2181 1988 ibidem

317 2027 583 2098 probatum
622 2034 719 2078 est.
796 2022 842 2076 E
884 2035 1061 2078 contra
1097 2025 1340 2097 primatus
1379 2026 1645 2091 rationem,
1685 2042 1815 2095 quae
1851 2025 1954 2078 vim
1992 2022 2186 2076 eoacti-

318 2132 436 2168 vam
476 2111 779 2166 Pontificiae
809 2111 1150 2184 jurisdictioni
1188 2111 1364 2165 tribuit
1409 2112 1462 2164 in
1510 2121 1670 2166 totam
1693 2109 1991 2165 Ecclesiam
2022 2103 2192 2183 'etiamr

320 2199 579 2255 collective
631 2209 878 2271 sumptam
929 2208 981 2252 et
1029 2198 1082 2250 in
1133 2198 1244 2271 ipsa
1279 2200 1546 2271 generalia
1597 2199 1837 2263 concilia,
1887 2214 2018 2268 quae
2068 2195 2180 2249 sine

320 2271 576 2342 consensu
619 2286 842 2340 Romani
888 2284 1151 2339 Pontilicis
1200 2285 1302 2340 vim
1359 2287 1543 2340 nullam
1593 2284 1951 2340 oecumenicae*
2001 2283 2184 2356 synodi

322 2374 574 2446 propriam
625 2374 856 2433 obtinent
906 2391 1069 2444 neque
1115 2372 1170 2425 in
1209 2373 1436 2444 ,negotio
1487 2374 1600 2427 fidei
1656 2390 1819 2444 neque
1868 2371 1920 2424 in
1969 2370 2181 2424 materia

322 2462 646 2534 disciplinae,
699 2462 837 2533 ipsos
876 2460 1155 2515 Pontifices
1206 2479 1237 2514 a
1285 2463 1625 2533 cujuscunque
1677 2459 1875 2515 concilii
1903 2456 2091 2532 judicio
2130 2467 2182 2513 et

321 2557 576 2620 potestate
612 2548 871 2617 eximere,
919 2559 1177 2618 totamque
1223 2559 1492 2619 ,praeterea
1544 2547 1894 2617 antiquitatem
1941 2546 2015 2599 ita
2064 2536 2180 2598 eos-

322 2635 433 2688 dem
468 2643 712 2704 tanquam
750 2634 1038 2706 superiores
1076 2635 1232 2688 fuisse
1269 2644 1593 2701 veneratam,
1642 2644 1698 2686 ut
1735 2633 1778 2687 si
1818 2642 1993 2688 errent
2029 2628 2180 2686 etiam

322 2719 652 2792 gravissime,
702 2738 732 2774 a
791 2722 991 2776 nemine
1029 2718 1251 2794 judicari
1300 2721 1524 2794 possint,
1583 2721 1682 2774 nisi
1704 2752 1706 2754 -
1729 2736 1801 2774 ex
1855 2718 2055 2774 haeresi
2099 2719 2183 2775 vel

323 2807 596 2862 schismate
633 2809 927 2863 recedentes
967 2809 1028 2862 ab
1067 2806 1330 2875 Ecclesia,
1377 2820 1428 2863 et
1466 2809 1518 2862 in
1558 2808 1759 2862 haeresi
1794 2809 1875 2863 vel
1913 2808 2182 2862 schismate

323 2895 610 2967 pertinaces
667 2894 1026 2950 Pontificatum
1084 2896 1377 2963 amiserint,
1446 2907 1498 2951 et
1571 2894 1836 2950 Ecclesiae
1891 2893 2182 2968 superiores

325 2983 533 3055 amplius
590 2998 692 3036 non
732 2983 863 3050 sint,
919 2983 1144 3056 pluribus
1201 2985 1374 3038 eodem
1431 2984 1483 3037 in
1538 2978 1667 3037 libro
1705 2983 2031 3037 constitutum
2069 2981 2178 3034 fuit.

322 3067 610 3124 Febronius
647 3071 832 3143 igitur,
878 3070 968 3145 qui
1017 3073 1152 3124 nulla
1202 3069 1393 3126 efficaci
1443 3081 1494 3126 et
1541 3072 1722 3125 idonea
1760 3060 2067 3124 auctoritate
2100 3069 2181 3123 vel

327 3158 526 3211 ratione
577 3157 842 3212 Romanos
893 3156 1170 3212 Pontifices
1221 3160 1474 3231 subjectos
1520 3157 1681 3212 eredit
1717 3157 1992 3210 canonibus
2040 3165 2092 3209 et
2127 3155 2180 3211 vi

326 3244 586 3299 coactivae
613 3245 935 3300 conciliorum
974 3247 1309 3317 generalium,
1349 3246 1528 3317 quibus
1565 3243 1662 3316 ipsi
1699 3260 1800 3296 non
1837 3245 2183 3315 praebuerunt

325 3349 606 3399 assensum,
646 3335 900 3405 subjectos
937 3335 1042 3388 vult
1078 3331 1347 3406 Episcopis
1381 3331 1705 3386 inferioribus
1744 3331 1866 3396 suiS,
1908 3330 1994 3401 qui
2028 3324 2178 3382 etiam

327 3419 585 3473 collective
645 3420 792 3472 sumti
850 3419 1151 3474 Pontificiae
1218 3418 1457 3492 potestati
1512 3417 1695 3470 subditi
1756 3427 1807 3470 et
1862 3416 2179 3471 ⁴subordinati
