2326 3854
992 203 1165 210 ---
1263 170 1385 226 102
1489 204 1650 211 ---

394 345 550 399 nata,
601 341 882 400 conclusa,
951 346 1004 390 et
1060 339 1280 390 decreta
1340 338 1430 389 IN
1481 335 1841 390 MATERIA
1887 341 2108 394 FIDE!
2141 362 2246 412 per

388 444 653 494 praesens
701 427 998 479 Concilium
1036 427 1408 478 conciliariter
1445 432 1628 477 tenere
1667 432 1720 477 et
1755 428 2136 481 inviolabiliter
2163 431 2247 481 ob-

395 532 613 565 servare
652 515 805 574 velle,
844 516 1070 582 ipsaque
1109 516 1187 566 stc
1221 510 1839 566 CONCILJARITER
1868 517 2026 583 facta
2052 534 2248 584 appro-

395 602 526 654 bare
566 608 619 653 et
653 603 948 669 retificem,
987 607 1040 652 et
1073 620 1183 654 non
1222 602 1401 662 aliter,
1437 620 1537 653 nec
1575 601 1688 652 alio
1728 603 1914 654 modo.-
1951 601 2001 653 id
2038 602 2100 654 de
2137 601 2250 655 fidei

393 687 609 742 decretis
648 686 699 738 in
740 684 1063 753 Wicleffum,
1102 686 1212 740 Hus
1253 696 1304 741 et
1340 686 1709 760 Hieronymum
1748 687 2066 760 pragensem
2103 688 2250 743 intel-

389 774 642 846 ligendum
681 782 787 840 est,
836 791 1047 843 quorum
1085 775 1381 848 approbatio
1420 784 1499 828 est
1534 770 1705 842 certa3
1758 794 1865 829 non
1902 795 2026 829 vero
2065 776 2126 829 de
2163 777 2249 830 de-

393 859 547 913 cretis
588 859 871 914 sessionum
897 859 986 918 IV.
1018 871 1070 915 et
1094 861 1164 917 V.
1207 878 1335 932 quae
1372 861 1435 914 ab
1472 860 1582 933 ipso
1617 860 1868 917 Pontifice
1905 882 2007 916 non
2047 863 2251 935 perinde

390 949 593 1002 fuerunt
630 949 932 1020 approbata,
985 949 1072 1004 sed
1119 951 1283 1022 potius
1331 949 1603 1021 reprobata
1649 948 1703 1000 in
1753 949 1919 1003 radice
1964 960 2020 1003 et
2051 954 2250 1020 funda-

390 1044 586 1102 mento,
624 1046 681 1089 ut
708 1034 910 1089 Gerson
949 1035 1331 1103 animadvertit3
1373 1055 1484 1089 cum
1522 1035 1823 1108 praesertim
1861 1037 1986 1090 haec
2018 1055 2111 1109 per
2137 1056 2252 1102 sese

391 1143 422 1177 a
459 1122 702 1177 Patribus
742 1121 955 1178 Concilii
995 1143 1096 1178 non
1154 1123 1342 1178 fuerint
1390 1123 1525 1177 edita
1562 1123 1720 1178 veluti
1755 1124 1960 1178 decreta
1994 1124 2112 1178 fidei
2148 1126 2246 1178 for-

391 1212 538 1265 mulis
588 1211 790 1265 usitatis
848 1211 900 1263 in
952 1210 1328 1265 definitionibus
1373 1210 1700 1283 dogmaticis,
1756 1211 1844 1264 sed
1884 1232 1993 1282 per
2035 1215 2253 1266 modam

391 1303 829 1354 constitutionum
869 1302 1240 1371 synodalium,
1278 1310 1334 1352 ut
1370 1298 1425 1351 in
1463 1298 1722 1372 prooemio
1762 1298 1966 1368 quintae
2006 1299 2252 1354 sessionis

390 1385 699 1439 declaratum
733 1385 857 1438 Ruit:
910 1406 1008 1456 qua
1046 1388 1106 1442 de
1144 1406 1202 1440 re
1238 1386 1352 1459 vide
1389 1401 1519 1457 quae
1559 1385 1788 1456 sequenti
1824 1387 1989 1459 capite
2025 1387 2251 1460 pluribus

392 1472 725 1527 disserentur.

538 1562 591 1614 4.
668 1560 851 1632 Neque
877 1562 1004 1615 satis
1031 1581 1314 1635 expressae
1351 1582 1410 1617 ac
1441 1572 1621 1616 certae
1648 1561 2025 1634 approbationis
2050 1563 2254 1618 nomine

392 1648 671 1702 afferantur
708 1650 794 1703 illa
840 1669 911 1703 ex
949 1649 1094 1703 Bulla
1130 1650 1288 1722 ipsius
1326 1649 1543 1702 Martini
1579 1650 1642 1702 ad
1676 1647 2055 1722 sigismundum
2093 1648 2252 1723 Impe-

392 1746 641 1803 ratorem,
682 1736 859 1808 quihus
897 1737 1262 1810 depositionem
1299 1737 1517 1793 Joannis
1554 1735 1757 1789 XXIII.
1809 1741 2127 1791 canonicam
2163 1755 2252 1810 ap-

390 1825 602 1897 pellanS‚
638 1816 992 1879 auctoritatem
1018 1823 1239 1880 Concilii
1274 1825 1328 1878 in
1366 1823 1560 1898 Papam
1599 1814 1950 1897 deponendum
1976 1820 2254 1896 legitimam

391 1912 680 1966 declarasse
728 1913 947 1968 videtur.
1045 1911 1174 1967 Cum
1236 1913 1367 1967 enim
1418 1914 1550 1966 facta
1594 1911 1958 1984 depositionum
2004 1912 2252 1984 ejusmodi

394 2019 485 2071 per
523 2019 639 2055 sese
647 2003 900 2067 ‚fatente
939 2001 1193 2055 Bossneto
1234 1997 1382 2072 (Lib.
1429 2000 1475 2052 1.
1526 1997 1738 2052 Defens.
1779 2018 1822 2053 c.
1864 1998 1952 2053 28.
2004 2018 2052 2071 p.
2092 1998 2252 2072 439),

393 2090 468 2140 ad
515 2091 768 2145 materias
815 2091 949 2160 fidet
1004 2109 1113 2142 non
1167 2091 1446 2158 pertinere
1494 2095 1727 2149 constet3
1785 2105 1948 2157 neque
1993 2086 2059 2141 ad
2109 2087 2251 2140 fidem

391 2175 737 2248 proculdubio
762 2176 1036 2249 pertinebit
1056 2194 1237 2230 eorum
1276 2173 1592 2248 approbati0‚
1634 2184 1908 2244 carentque
1946 2190 2155 2245 prorsus
2193 2192 2254 2236 ca

391 2263 692 2317 certitudine
730 2264 887 2319 divini
929 2265 1090 2337 juris,
1138 2282 1266 2334 quae
1303 2262 1573 2335 rejiciendo
1612 2260 1886 2316 Pontificio
1932 2260 2091 2315 divini
2117 2261 2253 2333 juris

389 2350 626 2423 primatui
663 2370 817 2424 supra
845 2350 1083 2424 Synodos
1120 2351 1391 2423 generales
1417 2350 1710 2404 necessaria
1735 2359 1891 2404 esset.
1970 2347 2255 2425 Praeterea

392 2439 690 2511 adjectivum
729 2443 1064 2502 canonicam,
1103 2440 1233 2510 quod
1271 2439 1332 2492 ad
1365 2448 1627 2493 servatum
1665 2437 1719 2490 in
1757 2436 2070 2510 depositione
2095 2436 2253 2502 Joan-

390 2527 470 2580 nis
509 2545 755 2581 canonum
795 2527 1023 2580 ordinem
1049 2526 1231 2580 referri
1267 2536 1455 2598 potest,
1495 2545 1604 2579 cum
1630 2523 1675 2597 ¹)
1717 2525 1882 2579 obiter
1903 2534 1954 2578 et
1980 2523 2251 2590 narrandm

390 2632 494 2667 non
545 2623 713 2668 autem
760 2614 1106 2678 decernend0‚
1144 2613 1216 2679 „in‘
1263 2611 1442 2665 Bullae
1490 2612 1704 2665 exordio
1756 2611 2027 2664 adhibitum
2071 2610 2251 2677 finerit3

390 2701 494 2757 vim
530 2700 834 2755 definitionis
881 2709 934 2754 ct
970 2699 1348 2773 approbationis
1387 2700 1727 2771 dogmaticae,
1778 2717 1876 2770 qua
1908 2701 1994 2771 jus
2035 2695 2250 2752 Consilii

393 2790 700 2861 approbetur
736 2799 976 2860 tanquam
1015 2789 1198 2860 dogma
1221 2786 1376 2857 fidei,
1429 2787 1658 2841 obtinere
1695 2805 1799 2839 non
1841 2794 2030 2859 potfflt.
2108 2784 2252 2838 Tan-

391 2877 502 2931 dem
541 2876 635 2931 hoc
665 2879 752 2949 jus
791 2876 988 2931 concilii
1027 2876 1178 2931 veluti
1218 2878 1510 2946 legitimum
1556 2873 1797 2947 peculiari
1833 2873 2031 2927 ratione
2066 2891 2252 2945 appro—

390 2963 502 3017 bari
540 2974 743 3037 poterat
801 2984 831 3018 a
870 2959 1096 3017 Martino
1147 2964 1200 3016 in
1246 2982 1372 3017 casu
1425 2961 1673 3029 Joannis3
1730 2961 1816 3033 qui
1861 2979 1977 3015 eum
2024 2978 2083 3012 se
2134 2959 2251 3011 sub·-

523 3139 556 3193 1)
586 3143 706 3182 Haec
757 3142 923 3182 scincet
963 3141 1104 3190 Baua,
1158 3153 1239 3193 qua
1278 3141 1483 3182 Martinus
1521 3140 1570 3181 V.
1619 3138 1816 3179 {iton-avit
1857 3137 2155 3187 Imperatorem
2197 3135 2250 3175 ab

392 3215 519 3243 onere
552 3201 771 3243 custodiae
802 3202 975 3243 Joannis
1006 3202 1161 3242 XXIII.
1198 3201 1262 3240 his
1295 3201 1436 3240 verbis
1465 3199 1642 3251 incipit:
1676 3196 1851 3257 Dudum
1877 3207 2089 3248 praesens
2119 3205 2250 3246 gene-

390 3266 482 3304 rale
515 3264 748 3304 concitium
783 3262 1110 3305 constantiense
1142 3273 1373 3316 personam
1408 3258 1672 3301 Battassaris
1705 3258 1862 3309 Cossae
1893 3277 1948 3285 -—
1981 3255 2085 3296 otim
2116 3255 2250 3296 Ῑοαη-

392 3325 461 3363 nis
497 3322 675 3366 XXIII.
717 3323 764 3363 In
794 3322 878 3364 su‘a
905 3322 1155 3363 obedientia
1186 3321 1448 3373 nuncupati,
1482 3322 1580 3370 post
1611 3318 1734 3359 itlius
1764 3330 1792 3358 a
1830 3316 1999 3367 Papam
2032 3327 2112 3367 per
2140 3312 2250 3364 defi—

392 3384 572 3424 nitivam
613 3383 878 3425 sententiam
915 3380 1110 3432 ejusdem
1159 3382 1346 3423 Concilii
1389 3376 1756 3423 CANONICAM
1790 3376 2127 3431 depmn'tt'onem2
2172 3385 2251 3427 per

393 3444 569 3498 condem
602 3444 863 3484 sententiam
895 3441 951 3482 ad
981 3443 1185 3483 standum
1219 3445 1260 3482 et
1292 3440 1547 3482 morandum
1567 3436 1632 3478 ‘in
1676 3437 1822 3489 aliquo
1856 3438 1966 3478 bono
1998 3438 2040 3476 et
2071 3435 2248 3476 honesto

393 3506 486 3544 loco
519 3504 598 3543 sub
631 3504 829 3548 custodia
862 3506 956 3544 tnta
993 3505 1072 3542 etc,
