2326 3854
1026 234 1132 269 XIII

182 390 478 445 doctrinam
534 387 674 441 hanc
730 403 926 442 novam
984 403 1050 440 ac
1105 386 1203 440 toti
1254 383 1554 455 antiquitati
1598 379 1981 436 adversantem

181 476 528 548 pertinaciter
550 475 993 546 propugnarunt,
1038 488 1229 526 verum
1259 471 1420 524 etiam
1452 467 1672 522 decreta
1698 462 1980 521 Constan-

180 563 378 617 tiensia
422 563 478 614 et
498 558 864 631 Basileensia,
910 573 1048 628 quae
1094 560 1275 611 autem
1320 557 1384 610 ob
1430 554 1701 609 defectum
1744 550 1980 607 Pontifi-

183 649 299 700 ciae
333 643 746 700 confirmationis
788 641 988 695 nullius
1035 646 1159 696 sunt
1202 642 1433 716 roboriS,
1479 640 1700 694 summis
1734 638 1981 693 laudibus

183 732 512 786 extulerunt.
600 726 714 781 Vix
771 726 920 781 credi
975 730 1188 800 potest,
1246 727 1385 799 quod
1445 730 1500 781 et
1541 743 1698 799 quam
1742 741 1980 798 perver-

182 833 278 871 sae
321 815 664 887 rebellesque
705 813 998 867 canonicae
1042 813 1289 867 notiones
1337 815 1498 884 atque
1553 812 1769 866 divinae
1803 810 1980 885 illius,

182 906 339 971 cujus
380 899 726 955 fundamento
770 896 1030 953 Ecclesia
1072 899 1343 972 innititur,
1389 897 1538 971 legis
1582 896 1763 952 salsae
1801 898 1980 951 inter—

179 988 513 1060 pretationes
555 985 680 1040 inde
709 988 936 1039 exortae
965 986 1095 1055 sint,
1143 985 1332 1056 quibus
1368 984 1658 1038 etiamnum
1703 986 1983 1058 „vexatur

182 1074 445 1128 acerrime
491 1068 789 1146 (Gregorii
831 1069 990 1124 XVI.
1054 1070 1268 1141 encycl.
1321 1068 1418 1125 15.
1463 1067 1708 1143 August.
1762 1065 1982 1143 1832.)

179 1157 434 1214 Romana
475 1157 628 1213 Petri
669 1155 871 1232 SedeS,
918 1160 973 1212 et
1015 1157 1233 1211 vincula
1278 1156 1496 1210 unitatis
1541 1156 1596 1208 in
1642 1153 1759 1208 dies
1804 1156 1983 1228 magis

179 1239 653 1315 labefactantur3‘4
697 1247 758 1297 ut
788 1244 1037 1317 „nullum
1063 1240 1346 1318 (ejusdem
1374 1241 1591 1313 encycl.
1620 1240 1716 1297 15.
1742 1239 1982 1314 August.

183 1328 406 1406 1840.)
451 1347 620 1404 prope
663 1330 865 1383 laboris
911 1345 975 1383 ac
1019 1329 1348 1384 moliminum
1393 1344 1574 1402 genus
1629 1328 1983 1400 praetermit-

179 1420 354 1493 tatur,
388 1417 528 1489 quod
558 1416 627 1471 ad
655 1417 1032 1470 inconcussum
1062 1417 1286 1469 sanctae
1318 1414 1552 1468 civitatis
1584 1410 1885 1467 aedificium
1912 1429 1984 1467 ex

179 1503 333 1576 imis,
378 1504 426 1557 si
457 1500 573 1556 fieri
603 1505 820 1576 posset,
852 1500 1071 1555 sedibus
1105 1499 1449 1556 evellendum
1478 1503 1585 1554 non
1616 1495 1982 1554 insumatur.“

309 1585 590 1661 Tempore
635 1591 796 1660 atque
843 1588 1255 1642 circumstantiis
1304 1584 1721 1661 assignificatiS,
1780 1586 1870 1639 ubi
1917 1602 1984 1640 ea

182 1675 250 1730 de
274 1670 643 1728 Oonciliorum
671 1674 1098 1746 praeeminentia
1131 1689 1298 1746 supra
1325 1670 1638 1727 Romanum
1665 1669 1986 1727 Pontificem

183 1761 360 1833 opinio
406 1762 600 1814 exorta
643 1758 839 1834 fuerit,
895 1759 1163 1831 reliquum
1209 1761 1324 1832 est,
1382 1761 1443 1812 ut
1485 1759 1809 1831 praecipuos
1863 1761 1984 1828 eJus

180 1847 437 1919 p'atronos
481 1848 641 1917 atque
685 1846 1019 1917 posteriores
1065 1843 1327 1899 fautores
1367 1849 1422 1899 et
1466 1845 1710 1899 asseclas
1764 1860 1984 1917 cogno·-

182 1948 413 1986 scamuS.
471 1929 832 2003 Principalem
858 1934 1242 2002 strenuumque
1273 1930 1467 1984 saltem
1496 1933 1882 2004 promotorem,
1913 1946 1983 1984 ne

182 2017 356 2072 dicam
384 2016 792 2086 fabricatorem,
823 2015 1094 2071 Joannem
1119 2014 1447 2070 Gersonium
1475 2018 1681 2089 passim
1708 2017 1985 2071 nominant

182 2120 302 2158 cum
345 2103 610 2177 magistro
653 2100 824 2157 Petro
881 2102 948 2157 de
1006 2100 1253 2177 Alliaco,
1328 2099 1611 2157 Cardin'ali
1669 2106 1725 2157 et
1769 2098 1981 2157 Came-

180 2190 394 2244 racensi
446 2187 914 2264 Archiepiscopo,
988 2189 1077 2261 qui
1141 2192 1324 2243 tamen
1385 2187 1648 2262 discipulo
1709 2186 1981 2244 Gersonio

180 2274 350 2348 longe
394 2273 723 2329 moderatior
768 2274 897 2348 fuit,
953 2291 1114 2347 quum
1159 2275 1463 2347 opinionem
1500 2291 1664 2329 suam
1707 2279 1832 2348 post
1875 2275 1982 2329 de-

185 2363 388 2413 cretum
433 2357 593 2413 SesS.
626 2358 728 2413 IV.
774 2363 829 2414 et
870 2358 942 2415 V.
989 2357 1207 2430 Synodi
1252 2357 1687 2415 Constantiensis
1731 2378 1840 2415 non
1886 2378 1983 2433 pro

183 2447 329 2498 certa
378 2447 433 2499 et
476 2442 694 2499 definita
719 2443 999 2520 venditet,
1045 2444 1145 2499 sed
1175 2447 1380 2500 tantum
1410 2449 1469 2500 ut
1497 2446 1829 2519 probabilem
1859 2450 1984 2500 tra-

184 2528 306 2599 dat,
367 2546 592 2602 eamque
636 2546 744 2585 non
787 2531 843 2584 in
887 2531 1062 2605 omni,
1122 2530 1220 2585 sed
1273 2532 1327 2585 in
1373 2531 1550 2603 aliquo
1597 2535 1806 2586 tantum
1850 2549 1983 2587 casu

182 2616 369 2670 valere
414 2615 732 2691 contendat,
779 2618 840 2670 ut
879 2616 1076 2691 legere
1124 2619 1209 2671 est
1253 2618 1305 2671 in
1352 2615 1648 2694 Tractatu,
1708 2635 1866 2691 quem
1907 2620 1986 2672 'dc

184 2699 498 2756 Ecclesiae
547 2701 853 2757 Potestate
906 2704 960 2756 in
1016 2703 1135 2776 ipso
1183 2697 1591 2759 Constantiensi
1645 2705 1982 2778 conscripsit.

182 2786 350 2840 Futili
386 2785 756 2843 'democratiae
801 2805 988 2843 errore
1035 2796 1193 2843 autor
1235 2789 1324 2844 hic
1366 2790 1668 2865 laborabat,
1694 2809 1876 2866 quum,
1906 2793 1985 2846 uti

183 2866 536 2926 Lutheranus
569 2871 915 2930 Vonderhart
956 2878 1085 2929 tom.
1117 2873 1190 2928 ΙΙ.
1218 2874 1366 2930 nist.
1399 2871 1612 2931 Concil.
1652 2873 1842 2932 Const.
1889 2876 1983 2933 fol.

183 2957 328 3013 201.
374 2961 580 3033 narrat,
625 2960 685 3012 in·
724 2961 921 3033 scripto
954 2960 1203 3035 quedam,
1251 2961 1391 3033 quod
1421 2959 1982 3018 Patribus-Constan-

182 3044 440 3100 tiensibus
464 3062 516 3098 a.
545 3043 725 3100 1414.
757 3045 964 3119 obtulit,
995 3063 1102 3101 non
1133 3050 1258 3101 esse
1282 3048 1349 3102 de
1373 3047 1477 3103 fide
1502 3048 1684 3103 divina
1707 3053 1984 3104 assereret

185 3128 386 3184 certam
418 3125 1285 3203 Concilioruminfallibilitatem,
1333 3134 1433 3189 sed
1476 3138 1685 3189 tantum
1728 3136 1827 3188 toti
1856 3132 1980 3189 Ec-

186 3214 386 3269 clesiae
431 3232 553 3270 eam
597 3233 723 3270 esse
769 3234 802 3269 a
844 3212 1066 3271 Christo
1110 3219 1452 3294 promissam,
1497 3222 1658 3292 prout
1701 3219 1796 3274 illa
1841 3236 1982 3275 con-

186 3301 319 3354 tinet
373 3302 535 3356 etiam
577 3300 946 3374 Presbyter‘os
1005 3307 1059 3357 et
1101 3301 1336 3375 Laicos3
1402 3304 1544 3377 quod
1601 3308 1751 3359 certe
1800 3306 1982 3361 nullus

188 3381 591 3442 Catholicorum
634 3391 823 3443 nostra
852 3388 1032 3443 aetate
1064 3406 1322 3444 asserere
1346 3390 1581 3446 audebit.
1658 3388 1886 3446 Eisdem
1917 3410 1981 3446 ac

186 3474 449 3546 magister
493 3472 736 3529 addictus
783 3475 1055 3531 erroribus
1083 3473 1407 3553 GersoniuS,
1454 3480 1622 3532 exuta
1644 3480 1809 3533 *omni
1852 3496 1978 3533 mo·-
