2326 3854
750 212 1393 268 --241———-

225 378 325 424 231.
376 381 559 433 haecque
591 382 799 421 restrictio
831 391 911 420 non
942 393 967 420 a
998 380 1356 421 Pseudo-Isidoro
1388 379 1581 426 inducta,
1627 380 1701 418 sed
1736 380 1983 420 testimoniis

224 442 527 491 antiquioribus
555 440 743 491 probata.
782 440 858 480 lbi.

168 500 434 541 Conscientia
463 499 661 551 perplexa
692 511 818 549 quae,
853 501 895 536 et
927 498 1034 542 Quid
1065 497 1265 548 agendum
1296 499 1337 536 in
1370 497 1507 544 dubio,
1541 497 1608 536 ubi
1639 496 1720 535 duo
1753 502 1979 549 praecepta

225 570 410 610 pugnare
439 557 647 599 videntur.
678 551 782 598 205.
815 560 904 596 not.
925 553 963 598 1.

167 614 496 658 Constantiensis
532 615 698 670 synodi
725 615 892 655 decreta
930 615 1155 654 sessionum
1184 615 1249 656 lv.
1289 618 1332 654 et
1363 615 1411 657 V.
1453 618 1551 666 quot
1592 612 1907 653 difficultatibus
1940 618 1981 652 et

226 676 456 716 defectibus
487 675 688 714 laborant.
728 668 801 714 98.
871 674 948 713 His
979 673 1207 713 defectibus
1238 674 1434 713 sanandis
1466 674 1700 713 necessaria
1729 672 1879 711 fnisset
1909 684 1982 723 ap

225 735 414 785 probatio
432 734 683 785 Apostolica,
717 744 823 783 quae
854 735 987 772 tamen
1019 731 1162 771 defuit.
1201 726 1295 774 100.
1324 727 1424 772 101.
1489 732 1614 771 Certe
1645 731 1789 772 eadem
1812 731 1982 770 decreta

225 803 305 831 non
336 793 591 835 constituunt
619 793 768 841 dogma
797 790 907 833 fidei.
952 786 1050 833 104.
1122 791 1230 834 Quid
1259 791 1465 841 significet
1494 803 1545 830 ea
1575 790 1767 837 formula,
1801 800 1882 841 qua
1913 801 1982 829 ea—

225 852 316 891 dem
346 852 522 890 decretav
547 850 739 889 dicuntur
770 850 886 890 edita
905 861 983 901 per
1004 849 1171 890 modum
1193 851 1547 890 constitutionum
1564 850 1848 900 synodalium.
1883 845 1982 889 102.
2008 898 2018 905 ..

229 905 327 951 106.
368 910 502 949 Fuere
533 909 657 948 edita
675 913 880 959 tamquam
910 909 1066 960 opinio,
1097 920 1201 959 quae
1232 912 1317 948 tum
1339 906 1567 949 'videbatur
1596 909 1772 948 medium
1794 919 1982 948 necessa·

197 993 199 997 -
223 968 327 1007 rium
358 970 411 1007 ad
439 968 663 1007 tollendum
694 968 883 1010 schisma.
920 964 1016 1008 110.
1042 971 1084 1007 et
1105 978 1219 1018 seqq.
1282 968 1400 1008 Haec
1430 969 1538 1007 ratio
1571 968 1796 1019 probabilis
1826 970 1983 1006 tantum

224 1027 316 1065 visa
346 1030 410 1066 est
440 1027 648 1066 sufficiens
677 1027 732 1065 ad
762 1027 1010 1078 opinionem,
1044 1030 1088 1065 at
1118 1028 1260 1078 inepta
1279 1029 1332 1067 ad
1353 1027 1628 1067 definiendum
1649 1027 1798 1078 dogma
1820 1027 1872 1066 de
1896 1023 1982 1067 fide
2006 1060 2009 1062 ,

225 1088 396 1128 certum.
434 1081 531 1128 109.
560 1082 655 1127 111.
709 1086 817 1125 Hinc
848 1097 930 1124 non
960 1083 1088 1125 habiti
1122 1085 1319 1128 haeretici
1352 1088 1419 1136 qui
1452 1087 1704 1126 contrarium
1734 1087 1980 1127 sentiebant.

230 1139 326 1185 111.
358 1156 435 1183 nec
465 1145 651 1194 quaestio
683 1145 786 1183 haec
817 1145 936 1195 plane
967 1143 1138 1183 definita
1165 1145 1324 1186 credita
1344 1145 1571 1186 fuit.1bid.
1632 1145 1742 1184 Tota
1770 1146 1879 1184 ratio
1913 1144 1982 1183 ‹le-

226 1207 430 1242 cretorum
463 1204 694 1254 explicata,
714 1207 756 1242 et
777 1215 935 1256 sensus,
966 1204 1007 1262 in
1028 1215 1150 1262 quo
1139 1203 1241 1260 haec
1271 1207 1387 1243 recte
1417 1215 1491 1254 per
1520 1216 1565 1242 se
1585 1204 1775 1254 intelligi,
1809 1208 1851 1242 et
1884 1215 1982 1243 vera

225 1261 367 1301 haberi
400 1265 565 1313 queunt.
605 1257 701 1300 110.

165 1319 645 1371 Constantinopolitanae
682 1318 794 1357 sedis
833 1310 1126 1369 praerogativa
1166 1319 1325 1357 statuta
1363 1329 1521 1357 canone
1557 1317 1884 1359 chalcedonensi
1923 1320 1983 1358 in-

225 1378 348 1418 ducta
380 1380 527 1417 contra
549 1379 618 1428 jus
647 1378 872 1444 antiquum,
903 1386 1034 1426 neque
1063 1379 1200 1415 tamen
1230 1375 1333 1415 haec
1365 1388 1476 1417 nova
1504 1368 1737 1430 disciplina,
1767 1380 1983 1430 postquam

229 1436 428 1484 obtinuit,
461 1432 606 1476 habita
627 1437 696 1489 Jus
727 1436 927 1487 spurium,
960 1439 1002 1474 et
1032 1446 1120 1477 cur.
1157 1429 1254 1475 196.

167 1497 210 1538 S.
229 1495 422 1547 Cypriani
453 1495 541 1534 loca
576 1495 793 1546 explicata.
826 1487 869 1535 8.
901 1497 990 1533 not.
1054 1493 1156 1545 EJus
1188 1494 1382 1532 allocutio
1414 1493 1468 1533 ad
1499 1493 1645 1533 Patres
1675 1494 1850 1533 Concilii
1884 1495 1981 1535 Car-

222 1553 476 1606 thaginensis
505 1553 576 1596 111.
619 1557 660 1592 et
704 1553 899 1594 Febronii
936 1552 979 1591 in
1023 1565 1109 1591 eam
1152 1553 1481 1592 commentarium
1523 1549 1982 1604 expensa.209.1n

225 1625 350 1652 causa
379 1612 580 1652 Marciani
612 1612 869 1652 Arelatensis
892 1612 960 1661 jus
989 1611 1129 1663 Papae
1160 1612 1345 1663 agnitum
1375 1623 1400 1651 a
1431 1612 1653 1664 Cypriano.
1688 1606 1791 1656 222.

165 1766 365 1828 Damasi
398 1795 520 1826 causa
549 1784 619 1826 ad
635 1785 851 1827 concilium
882 1784 1022 1824 delata
1051 1779 1181 1836 ipsius
1201 1797 1401 1825 consensu
1433 1785 1484 1825 ob
1516 1787 1768 1848 probandam
1799 1791 1841 1828 et
1862 1801 1980 1840 prae-

225 1846 440 1885 dicandam
471 1845 558 1896 ejus
587 1845 879 1886 innocentiam.
910 1836 982 1886 75.

164 1908 345 1947 Decreta
374 1899 705 1945 Constantiensia
735 1903 961 1942 sessionum
986 1901 1052 1944 1v.
1087 1904 1128 1941 et
1158 1903 1205 1945 V.
1238 1902 1290 1941 de
1322 1905 1576 1944 auctoritate
1605 1905 1813 1954 generalis
1843 1908 1981 1946 conci-

223 1965 268 2004 lii
297 1975 422 2015 supra
441 1964 572 2014 ipsum
588 1963 741 2013 Papam
772 1972 853 2001 non
885 1961 1059 2001 credidit
1090 1963 1306 2013 proposita
1336 1966 1532 2014 tanquam
1564 1963 1712 2015 dogma
1733 1963 1846 2043 fidei.
1878 1961 1976 2008 111.

223 2034 299 2061 nec
330 2022 611 2073 quaestionem
641 2019 719 2060 hac
748 2021 790 2059 in
821 2032 866 2059 re
898 2019 1120 2060 definitam.
1154 2020 1258 2063 lbid.

163 2081 404 2123 Decretales
443 2079 732 2131 supposititiae
771 2091 798 2118 a
838 2080 1031 2118 Pseudo·
1039 2078 1200 2118 Isidoro
1243 2079 1463 2120 confictae.
1511 2075 1610 2123 185.
1680 2081 1777 2121 Νοιι
1816 2083 1982 2122 fuerunt

224 2139 427 2179 confictae
467 2137 520 2178 ad
559 2137 789 2188 augendam
828 2140 1079 2188 potestatem
1110 2138 1386 2178 Pontificiam.
1431 2133 1529 2181 186.
1600 2140 1709 2180 Num
1740 2142 1980 2181 contineant

225 2198 480 2249 disciplinam
511 2197 673 2236 omnino
705 2202 875 2243 novam,
919 2205 1022 2246 quae
1053 2199 1178 2235 antea
1218 2197 1359 2236 nullibi
1391 2209 1478 2237 usu
1499 2201 1691 2252 recepta,
1735 2204 1806 2239 aut
1836 2199 1981 2239 audita

223 2256 364 2295 fuerit.
407 2246 504 2295 188.
575 2254 634 2294 De
665 2257 837 2293 auctore
879 2253 1108 2294 earumdem
1146 2254 1342 2295 falsarum
1372 2256 1662 2300 Decretalium.
1706 2254 1803 2300 190.
1868 2258 1981 2298 Num

224 2315 466 2366 disciplinae
495 2314 669 2360 novitas,
701 2312 737 2352 si
763 2325 843 2363 qua
874 2323 925 2352 ex
956 2311 1154 2363 ejusmodi
1185 2313 1461 2354 decretalibus
1491 2315 1688 2364 invaluit,
1721 2329 1877 2368 usuque
1909 2330 1980 2369 po-

224 2375 442 2413 steriorum
471 2375 697 2423 temporum
729 2371 930 2419 obtinuit,
979 2372 1206 2411 constituat
1237 2373 1306 2423 jus
1338 2371 1484 2413 falsum
1523 2377 1566 2413 et
1597 2376 1803 2425 spurium
1853 2379 1895 2416 et
1925 2377 1978 2416 sit

225 2431 471 2483 corruptela.
507 2426 604 2472 191.
664 2430 904 2481 Impostoris
934 2431 1147 2469 consilium
1181 2431 1382 2482 quodnam
1412 2431 1553 2471 fuerit.
1588 2428 1686 2476 187.

165 2491 439 2531 Definitiones
470 2501 543 2528 seu
576 2489 746 2529 decreta
775 2488 872 2528 fidei
904 2501 1102 2540 quaenam
1123 2490 1219 2528 sint.
1257 2485 1353 2532 109.
1399 2491 1495 2531 Non
1517 2493 1653 2532 omnia
1674 2493 1852 2541 decreta,
1875 2505 1980 2544 quae

223 2553 443 2589 versantur
475 2549 587 2587 circa
616 2548 713 2587 fidei
743 2548 978 2596 materiem,
1011 2551 1108 2587 sunt
1138 2547 1402 2588 definitiones
1434 2550 1704 2601 dogmaticae.
1750 2550 1919 2594 Ibidem

164 2608 433 2648 Definitiones
462 2605 562 2647 fidei
603 2619 628 2646 a
660 2607 823 2646 summis
852 2606 1123 2647 Pontificibus
1163 2607 1302 2647 editae
1334 2612 1535 2659 quatenus
1577 2615 1729 2662 cogant
1759 2611 1813 2651 ad
1843 2612 1979 2651 unita-

225 2669 322 2709 tem.
354 2661 426 2709 27.
472 2667 520 2707 V.
553 2666 798 2706 Auctoritas·
828 2663 1072 2715 Pontificio.

163 2725 433 2765 Definitiones
463 2724 562 2764 fidei
593 2725 731 2764 editae
772 2737 797 2763 a
826 2724 1020 2764 Patribus
1052 2725 1217 2764 concilii
1248 2727 1478 2779 generalis,
1519 2731 1564 2767 ut
1595 2702 1831 2779 infallibiles
1867 2728 1978 2780 judi—

225 2785 389 2830 centur,
424 2782 592 2833 exigunt
625 2788 865 2822 consensum
895 2783 1006 2823 sedis
1036 2784 1314 2837 Apostolicae.
1346 2779 1418 2825 39.
1450 2797 1490 2827 n.
1508 2781 1551 2827 9.
1815 2805 1819 2807 -

165 2842 437 2882 Definitiones
467 2839 564 2879 fidei
596 2840 757 2890 quando
790 2839 933 2879 diferri
963 2842 1137 2883 soleant.
1169 2837 1247 2883 36.

166 2901 383 2952 Depositio
423 2899 698 2939 Romanorum
736 2899 978 2939 Pontificum
1017 2912 1099 2939 non
1137 2902 1331 2952 competit
1374 2889 1622 2941 electoribus
1662 2903 1856 2954 ipsorum.
1903 2900 1977 2944 82.

226 2962 310 2997 not.
334 2955 370 2999 l.
418 2958 589 2996 Unicum
621 2961 859 3008 certumque
890 2958 1129 2998 Pontificem
1160 2971 1275 2998 nemo
1308 2963 1450 3011 potest
1480 2961 1699 3012 deponere.
1735 2958 1832 3004 119.

166 3017 459 3068 Depositiones
491 3016 824 3061 contendentium
854 3016 908 3056 de
927 3017 1100 3085 Papatu,
1132 3022 1175 3057 et
1205 3019 1483 3060 recusantium
1514 3021 1857 3062 renuntiationem
1877 3026 1978 3063 tens-

196 3087 326 3127 -pore
357 3075 589 3115 schismatis
615 3086 644 3119 ‚a
674 3075 902 3116 Gallicanis
933 3076 1102 3127 primum
1131 3078 1386 3128 propositae.
1417 3072 1491 3121 85
1598 3118 1600 3121 .

166 3134 474 3187 Depositionum
503 3133 615 3177 facta
645 3134 687 3178 in
718 3134 908 3175 conciliis
939 3146 1018 3173 non
1051 3139 1145 3175 sunt
1174 3135 1436 3176 definitiones
1462 3136 1572 3184 fidei,
1602 3150 1681 3178 nec
1704 3137 1911 3188 probant
1894 3150 1976 3189 Jus.

229 3188 333 3236 102
387 3195 471 3234 Οιιι·
509 3192 723 3243 depositio
752 3193 922 3233 loannis
953 3194 1100 3236 XXIII.
1139 3196 1252 3236 facta
1290 3196 1332 3235 in
1364 3197 1673 3236 Constantiensi
1713 3196 1825 3236 dicta
1855 3197 1980 3237 fuerit

227 3251 438 3293 canonica.
467 3252 638 3293 Ibidem.
698 3252 906 3295 scandala
936 3255 980 3292 et
1009 3253 1128 3305 pravi
1157 3265 1292 3295 mores
1321 3254 1536 3296 Pontificis
1565 3267 1647 3296 non
1679 3255 1779 3315 dant
1813 3257 1883 3306 jus
1914 3257 1976 3296 in-

227 3310 444 3353 ferioribus
472 3311 528 3351 ad
558 3323 648 3350 eum
678 3310 975 3362 deponendum.
1010 3307 1109 3354 120.

169 3369 423 3409 Dioeceseon
455 3370 685 3420 designatio
717 3368 830 3409 facta
858 3370 1080 3422 Episcopis
1110 3383 1191 3410 non
1223 3374 1286 3411 est
1317 3372 1427 3423 juris
1464 3385 1536 3411 sen
1568 3358 1840 3413 institutionis
1868 3372 1978 3415 divi—

228 3439 319 3469 nae.
357 3421 479 3470 158..
514 3428 595 3472 Gur
626 3429 874 3473 necessaria.
916 3430 990 3469 Ibi.
1061 3430 1225 3481 Relicta
1256 3430 1515 3482 dispositioni
1545 3430 1892 3482 Ecclesiasticae,
1935 3437 1978 3471 et

207 3497 299 3531 cur
329 3486 462 3530 subsit
487 3486 571 3535 ,iuri
601 3488 799 3538 primatus
829 3488 1166 3532 Pontificii.1bi.
1200 3521 1203 3523 .

229 3564 273 3597 Ρ.
304 3561 452 3596 Baller.
486 3561 532 3595 de
565 3562 767 3596 Potestate
799 3565 872 3600 etc.
1566 3558 1633 3611 16
