2326 3854
1198 151 1280 188 LII

315 306 475 362 factis
523 324 665 380 quae
712 308 767 362 in
813 307 1056 363 alienum
1101 323 1327 362 sensum
1371 305 1720 383 detorquent,
1769 325 1893 364 eam
1937 314 2165 384 tempe-

314 412 466 470 rare,
516 399 611 451 aut
655 396 838 470 potius
886 412 986 451 suo
1032 395 1187 449 libitu
1221 411 1574 469 componere.
1654 393 1928 465 Quoniam
1962 397 2030 453 de
2062 416 2165 454 so-

313 485 516 540 cietate
562 484 804 558 positiva
837 487 892 539 et
922 483 1238 539 voluntaria
1262 478 1474 538 Christi
1506 485 1714 562 agitur,
1763 503 1798 540 a
1829 502 1934 558 quo
1969 487 2165 562 omniS,

313 576 370 628 et
415 573 535 628 sine
583 590 688 647 quo
745 572 900 627 nulla
945 572 1000 626 in
1046 568 1310 627 Ecclesia
1357 589 1628 628 concessa
1683 577 1969 650 potestas,
2030 574 2167 629 nihil

310 663 496 736 potest
543 677 671 716 esse
717 658 1031 736 absurdiuS,
1078 678 1242 734 quam
1289 661 1334 716 si
1372 661 1562 717 miseri
1607 662 1871 718 mortales
1919 664 2165 718 circum-

311 747 661 805 scribendum
707 749 970 804 ambitum
1013 747 1598 823 determinandamque
1631 751 1903 806 rationem
1953 755 2007 807 et
2038 750 2164 806 for-

308 855 454 892 mam
479 837 604 892 tsibi
651 840 923 912 arrogant
967 837 1116 892 illius
1148 836 1319 893 divini
1355 835 1611 914 aedificii,
1660 839 1802 912 quod
1839 843 1960 911 jam
1998 838 2165 894 aedi-

308 923 495 981 ficavit
541 942 607 980 ac
641 921 923 1000 Sponsam
968 926 1355 998 intemeratam
1400 926 1502 982 sibi
1549 927 1843 1000 acquisivit
1888 929 2166 1003 sanguiue

310 1030 411 1069 suo
437 1014 823 1069 immaculatus
861 1012 1089 1090 Agnus,
1117 1009 1378 1070 Christus
1402 1013 1598 1070 JesuS.
1663 1014 1990 1072 Mortalium
2023 1032 2165 1091 ergo

307 1105 559 1158 nostrum
605 1106 724 1178 est,
772 1120 882 1159 non
930 1101 1227 1159 aedificare
1274 1100 1626 1179 Ecclesiam,
1676 1102 1778 1159 sed
1825 1120 1948 1159 eam
1996 1120 2168 1179 super

306 1188 539 1246 Petrum
586 1191 847 1248 divinitus
880 1209 915 1247 a
944 1187 1170 1248 Christo
1204 1190 1551 1267 aedificatam
1584 1192 1848 1267 credere3
1895 1194 2168 1248 rationem

310 1282 433 1350 ejus
494 1282 550 1334 et
624 1279 858 1335 formam
925 1297 1035 1336 non
1107 1281 1598 1356 circumscribere,
1675 1280 1778 1336 sed
1849 1299 1884 1336 a
1937 1276 2166 1337 Christo

307 1369 780 1443 circumscriptam
812 1386 886 1424 ex
918 1385 1116 1424 sacrae
1150 1366 1482 1443 Scripturae
1529 1374 1586 1425 et
1622 1367 1855 1426 Patrum
1900 1387 1967 1425 ac
2000 1388 2164 1427 cum-

306 1456 495 1530 primis
542 1457 717 1530 ipsius
776 1454 1074 1513 Ecclesiae
1135 1458 1481 1514 testimonio
1513 1475 1867 1534 agnoscere,
1919 1462 1975 1514 et
2021 1457 2166 1532 quod

305 1562 492 1601 rerum
538 1550 706 1619 caput
751 1551 857 1622 est,
896 1543 1218 1602 Ecclesiam
1265 1546 1459 1602 audire
1498 1551 1555 1603 et
1601 1548 1653 1602 ei
1685 1564 1897 1603 morem
1930 1564 2161 1622 gerere.

441 1631 685 1709 „Hujus
743 1636 998 1705 muneris,
1037 1631 1499 1710 Sacramentum,
1566 1638 1631 1690 'ut
1677 1636 1864 1691 verbis
1904 1640 2042 1692 vutar
2097 1632 2164 1692 S.

305 1719 516 1777 Leonis
562 1719 767 1798 Magni
813 1718 1014 1799 (epist.
1036 1721 1142 1779 89.
1191 1721 1263 1778 ad
1294 1720 1608 1798 Episcopos
1655 1741 1758 1798 per
1784 1721 2164 1780 Viennensem

305 1810 647 1884 provinciam
696 1807 1060 1887 constitutos)
1108 1813 1187 1867 ita
1216 1809 1490 1867 Dominus
1527 1811 1597 1867 ad
1629 1814 1872 1868 omnium
1901 1811 2163 1887 Aposto-

305 1898 489 1954 lorum
536 1897 778 1954 officium
822 1902 1105 1975 pertinere
1152 1899 1350 1976 voluit,
1398 1901 1558 1955 utin
1584 1898 1925 1959 Beatissimo.
1968 1899 2164 1978 Petro,

304 1984 707 2061 Apostolorum
739 1989 980 2043 omnium
1012 1984 1268 2065 Summo,
1315 1987 1692 2062 principaliter
1723 1989 2058 2062 collocaret3
2104 1995 2166 2047 ut

309 2075 375 2130 ab
422 2076 544 2149 ipso
594 2076 752 2149 quasi
798 2075 1034 2150 quodam
1083 2078 1265 2151 capite
1309 2076 1456 2133 dona
1486 2082 1612 2131 'sua
1657 2078 1814 2133 velut
1859 2079 1914 2132 in
1962 2096 2164 2152 corpus

306 2180 468 2219 omne
530 2163 898 2240 diffunderet,
965 2169 1026 2220 ut
1056 2169 1353 2221 'exortem'
1387 2181 1450 2220 se
1496 2167 1759 2237 mysterii
1814 2161 2166 2243 intelligeret

312 2269 439 2308 esse
465 2253 656 2327 divini,
691 2254 781 2326 qui
805 2271 976 2309 ausus
1001 2251 1202 2309 fuisset
1224 2271 1259 2309 a
1279 2250 1439 2328 Petri
1463 2252 1750 2328 soliditate
1774 2254 2064 2331 recedere.
2081 2294 2097 2311 .
2113 2295 2129 2312 .
2147 2295 2164 2311 .

307 2335 416 2396 Cui
448 2341 692 2415 quisquis
723 2343 1090 2417 principatum
1121 2343 1379 2417 aestimat
1403 2341 1817 2421 denegandum,
1849 2343 2000 2400 illius
2034 2347 2167 2418 qui-··¹

311 2429 436 2485 dem
481 2429 647 2485 nullo
681 2429 845 2486 modo
893 2434 1080 2505 potest
1122 2431 1374 2502 minuere
1409 2431 1768 2508 dignitatem,
1808 2430 1912 2488 sed
1943 2431 2164 2489 inflatus

312 2518 508 2592 spiritu
554 2520 850 2593 superbiae
894 2535 1034 2574 suae
1081 2512 1442 2594 semetipsum
1471 2520 1527 2574 in
1557 2518 1777 2576 inferna
1819 2517 2164 2596 demergit.“

387 2631 635 2709 Diestedde
654 2659 727 2709 die
751 2658 1084 2782 Cathecirsae7S.
1110 2659 1243 2710 Petri
1263 2660 1397 2710 Rom.
1418 2678 1557 2710 sacra
1578 2634 1581 2637 Ι

980 2737 1007 2780 4
1050 2774 1063 2785 .

1035 2873 1105 2943 Ε.
1138 2874 1230 2943 w.
1264 2872 1701 2964 WESTHOFF‚
1748 2898 2073 2939 mouns.
