2326 3854
687 200 1287 256 -—27-„-

87 392 270 427 marum
309 370 636 432 necessitate,
675 384 839 418 nonne
876 364 1150 435 potuissent
1187 360 1313 411 Afri.
1343 358 1602 428 providere
1648 359 1749 409 suis
1788 361 1888 428 ple—

86 459 225 511 bibus
283 475 349 509 ex
399 453 679 507 Donatistis
730 450 1016 512 conversiS,
1073 446 1193 501 nihil
1242 444 1556 498 'obstantibus
1611 442 1889 495 interdictis

88 543 263 613 synodi
298 537 691 599 transmarinae,
739 554 768 586 a
804 535 978 603 quibus
1026 535 1134 604 ipsa
1169 530 1442 584 necessitas
1471 531 1658 599 justam
1695 528 1889 598 dispen—

90 627 297 680 sationis
343 641 539 687 causam
576 620 893 690 praebebat?
963 617 1042 669 lta
1091 617 1280 685 quidem
1334 615 1583 685 egissent,
1633 614 1716 682 qui
1766 614 1891 665 hanc

90 709 421 779 restringendi
471 706 775 758 facultatem?
805 702 1130 774 Apostolicae
1185 701 1289 759 sedi
1348 700 1714 769 denegassent„
1791 696 1892 774 Sed

89 794 315 849 Africani
350 794 440 844 boe
475 793 559 860 jus
594 789 749 841 eidem
787 797 1065 857 competere
1101 803 1200 837 non
1234 786 1543 854 ignoranteS,
1581 784 1677 836 etsi
1700 783 1892 853 magnis

79 887 429 952 'premerentur
477 873 766 944 angustiiS,
796 873 916 924 nibil
961 871 1073 923 ausi
1121 880 1237 922 sunt
1282 870 1406 940 'ipsis
1451 869 1728 922 interdictis
1776 887 1922 940 con-v

90 965 293 1023 trarium
343 963 534 1024 facere,
599 958 705 1012 nisi<
739 958 877 1028 prius
919 956 1083 1008 missis
1132 954 1460 1026 legationibus
1508 955 1894 1026 transmarinam

88 1048 380 1111 Ecclesiam,
419 1056 470 1098 et
506 1043 818 1096 MAXIME
852 1041 1132 1094 Romanam
1169 1041 1334 1092 sedem
1371 1041 1704 1092 consulerent.
1758 1037 1894 1093 Con·

90 1136 164 1188 fer
210 1150 335 1202 quae
381 1131 433 1183 in
486 1132 610 1182 hanc
658 1146 763 1181 rem
809 1127 1086 1180 notavimus
1137 1125 1188 1176 in
1236 1124 1482 1177 Tractatu
1529 1126 1615 1176 Dc
1665 1119 1895 1193 antiquis

86 1220 348 1279 'canonum
402 1215 797 1272 collectionibus
857 1221 986 1283 part.
1044 1212 1095 1262 9.
1164 1228 1207 1263 c.
1265 1211 1316 1263 3.
1402 1208 1500 1280 (Τ.
1539 1209 1590 1261 3.
1655 1209 1772 1262 edit.
1835 1207 1892 1260 S.

90 1301 328 1372 Leonis.)
401 1298 501 1366 Qui
545 1307 709 1350 autem
745 1299 826 1352 vel
873 1297 926 1349 in
973 1296 1193 1348 maxima
1239 1295 1528 1348 clericorum
1576 1293 1742 1364 inopia
1779 1312 1896 1346 con-

90 1405 266 1442 versos
302 1404 371 1438 ex
408 1383 687 1437 Donatistis
731 1382 962 1435 ordinare
1009 1382 1300 1445 noluerunt,
1346 1401 1411 1432 ne
1458 1383 1794 1432 interdictum
1842 1384 1895 1430 in

91 1475 458 1526 transmarinis
487 1471 733 1539 partibus
764 1474 966 1538 factum
1004 1469 1368 1529 dissolverent,
1405 1465 1503 1517 nisi
1539 1465 1675 1534 prius
1706 1484 1896 1528 eorum,

93 1558 174 1626 qui
224 1556 539 1609 interdictum
593 1564 872 1626 sanxerant
890 1593 905 1618 ,
975 1563 1027 1605 et¹
1079 1551 1394 1603 MAXIME
1444 1549 1704 1607 Romanae
1767 1549 1897 1602 sedis

94 1659 386 1695 consensum
417 1642 723 1706 obtinerent3
770 1657 936 1693 nonne
982 1638 1252 1709 legitimam
1286 1638 1507 1707 profecto
1558 1636 1897 1700 interdicendi,

94 1745 183 1780 seu
259 1726 714 1796 restringendarmn
792 1725 1078 1778 facultatum
1155 1721 1516 1793 Episcopalium
1601 1731 1897 1791 potestatem

97 1812 439 1881 agnoverunt?
957 1822 969 1832 ·

901 1939 947 2006 g,
1000 1936 1087 1992 v1.

97 2042 213 2084 Haec
243 2043 440 2083 limitatio
471 2055 521 2083 ac
549 2043 772 2090 restrictio,
804 2042 900 2082 licet
930 2043 1172 2080 versaretur
1192 2040 1305 2080 circa
1320 2039 1553 2088 facultates
1574 2028 1900 2090 Epis-caporum,

96 2108 204 2153 quae
234 2102 279 2141 in
310 2101 475 2151 origine
503 2100 607 2141 sunt
630 2097 745 2149 juris
775 2099 923 2147 dim‘ni,
956 2099 1160 2151 quomodo
1181 2098 1405 2148 referatur,
1438 2109 1487 2137 ac
1515 2097 1735 2146 referenda
1768 2099 1825 2137 sit
1846 2099 1903 2138 ad

358 2170 362 2172 ’
410 2160 630 2200 materiam
660 2159 939 2210 disciplinae,
971 2161 1010 2198 et
1041 2158 1097 2198 ad
1122 2156 1196 2206 jus
1226 2155 1586 2197 Ecclesiasticum.

221 2243 336 2294 16.
395 2241 705 2313 8ιῳτθιῐιαθ·
701 2242 1012 2295 -Pontifieiae
1072 2241 1362 2312 potestatis
1391 2239 1768 2311 plenitudinem,
1828 2242 1903 2293 cui

100 2325 459 2397 Episcopalium
506 2329 788 2380 facultatum
834 2328 1006 2379 modus
1056 2336 1106 2379 et
1142 2325 1436 2378 exercitium
1475 2325 1756 2395 subjicitur,
1808 2327 1905 2378 alia

103 2411 528 2464 animadversione
565 2413 742 2464 clarius
786 2413 996 2465 forsitan
1030 2411 1296 2482 ‘explicare
1345 2419 1395 2461 et
1441 2410 1734 2462 confirmare
1769 2411 1902 2463 libet.

101 2495 405 2560 Jurisdictio,
441 2506 587 2566 prout
622 2497 942 2566 distinguitur
979 2515 1009 2548 a
1045 2502 1292 2566 potestate
1327 2494 1532 2558 ordiniS,
1569 2496 1754 2563 absque
1791 2497 1898 2548 sub·-

102 2581 243 2657 ditis,
278 2582 330 2633 in
354 2599 478 2650 quos
513 2591 754 2634 exeratur
775 2621 790 2646 ,
828 2581 1013 2634 sterilis
1050 2590 1152 2645 est,
1190 2580 1417 2647 omnique
1451 2597 1543 2630 usu
1575 2590 1626 2632 et
1659 2581 1905 2634 exercitio

99 2676 291 2719 earet„
325 2666 455 2718 Hinc
490 2665 854 2735 designatiotet
890 2665 1143 2717 attributio
1182 2664 1503 2729 subditorum,
1542 2682 1630 2719 seu
1668 2668 1906 2736 regionis,

102 2759 192 2801 aut
233 2750 502 2814 dioecesis»,
564 2749 618 2801 in
639 2794 643 2797 .
663 2767 757 2818 qua
802 2749 1096 2821 Epi'seopale
1138 2753 1222 2821 jus
1269 2761 1590 2816 exerceatur,
1647 2753 1708 2804 ad
1754 2752 1907 2822 juris-

108 2833 375 2886 dictionem
407 2835 657 2889 ,actualem
681 2843 772 2886 :est
819 2836 1128 2888 necessaria:
1186 2846 1236 2889 et
1271 2836 1353 2904 qui
1401 2837 1623 2889 subditos
1661 2836 1907 2908 Episcopo

105 2927 192 2970 aut
224 2909 487 2970 dioecesim
535 2918 819 2988 assignat,
810 2919 876 2970 is
911 2916 1157 2991 Episcopo
1186 2921 1556 2990 jurisdictionis
1595 2925 1726 2993 ejuS,
1782 2940 1909 2991 quae

105 3003 159 3055 in
195 3002 387 3071 origine
424 3000 501 3054 est
535 3001 866 3055 institutionis
878 3005 1096 3070 divinae,
1132 3017 1292 3057 usum
1311 3016 1362 3058 et
1399 3008 1692 3060 exercitium
1718 3008 1905 3059 tribuit.

108 3085 444 3139 Romanorum
492 3071 787 3145 Pontificum
826 3090 937 3158 jus
955 3090 1006 3141 in
1054 3099 1212 3142 tntum
1263 3082 1459 3155 orbem,-
1509 3091 1723 3161 ipsaque
1758 3094 1909 3144 totius

110 3170 244 3222 orbis
280 3172 515 3241 subjectio
553 3190 621 3224 ex
659 3170 700 3224 C
707 3171 848 3222 busti
890 3172 1251 3237 institutione,
1279 3192 1338 3226 ac
1379 3178 1494 3244 jure
1542 3175 1798 3243 primatus
1821 3176 1909 3227 iis*

111 3255 245 3318 dem,
267 3265 341 3316 1ης
358 3256 568 3310 vidimus
584 3296 598 3321 ,
637 3258 882 3327 competit.
958 3256 1146 3309 Eadem
1195 3276 1316 3311 vero
1344 3261 1347 3274 '
1353 3257 1629 3328 jurisdictio
1668 3261 1763 3312 etsi
1801 3261 1909 3312 aliis

112 3356 310 3407 qunque·
336 3340 594 3410 Aposmlis
630 3343 682 3394 in
718 3338 1004 3396 universum
1040 3344 1268 3398 mundum
1293 3361 1335 3395 a
1374 3342 1576 3405 Christo
1615 3344 1780 3398 missis
1817 3356 1909 3398 ex·

114 3423 441 3478 tramffinario
479 3428 605 3494 jura
628 3428 1008 3493 communicata,
1058 3437 1112 3478 ut
1156 3428 1252 3480 illis
1287 3428 1351 3479 >in
1399 3428 1553 3481 initiis
1601 3416 1730 3500 opus.
1775 3439 1908 3494 erat,
