2326 3854
1011 117 1173 124 ψ*
1275 83 1626 140 86—

388 247 480 299 hus
538 247 815 302 adversarii
874 249 1096 302 maxime
1153 248 1427 315 insistuntx,
1494 266 1740 318 quaenam
1797 249 1876 302 vis
1931 252 2251 305 auctoritatis

392 334 484 389 hac
534 334 584 388 in
637 354 694 389 re
742 335 917 389 iisdem
969 334 1175 407 synodis
1223 334 1492 397 tribuenda
1541 334 1636 401 sit,
1697 336 2008 390 enucleatius
2058 357 2251 411 expen-

396 422 605 479 dendum
648 434 743 476 est.

1012 695 1430 772 CAPUT
1499 696 1638 773 VI.

396 853 536 899 Num
553 852 758 900 Pisana
773 857 996 914 synodus
1027 857 1286 903 celebrata
1304 857 1376 902 ad
1392 857 1793 903 exscindendam
1818 858 2058 911 schisma,
2088 858 2253 918 fuerit

396 920 535 959 certo
569 920 910 961 oecumenica.
967 915 1080 970 ⁴Gur
1109 924 1254 978 qesta
1288 917 1515 977 ejusdem
1546 932 1609 962 ae
1641 917 1973 979 depositionis
2003 922 2256 964 sententia

395 977 450 1019 in
483 974 610 1019 duos
642 977 1001 1022 contendentes
1033 977 1173 1023 edita
1190 978 1611 1023 adversariorum
1627 981 1862 1038 opinioni
1888 977 2109 1023 nihilum
2129 993 2253 1039 pro—

393 1037 513 1088 sint,
545 1035 637 1080 sed
648 1040 829 1096 potius
845 1036 1031 1091 obsint,
1066 1037 1467 1096 confirmentque
1484 1041 1754 1095 antiquam
1769 1041 2090 1090 sententiam9
2124 1053 2256 1097 quae

514 1096 761 1156 ..qenerali
789 1112 988 1156 quoque
1019 1099 1234 1144 coneilio
1251 1098 1346 1157 jus
1377 1113 1540 1158 supra
1572 1096 1851 1157 Pontifices
1883 1098 2116 1159 deneqat.

546 1214 594 1266 1.
673 1212 732 1268 Si
770 1216 1012 1270 affirmem
1051 1235 1122 1270 ex
1160 1214 1356 1271 Pisana
1394 1216 1590 1288 synodo
1641 1216 1764 1269 nihil
1817 1226 1988 1270 certae
2037 1215 2255 1270 auctori-

394 1299 517 1353 tatis
556 1301 730 1355 deduci
767 1321 918 1375 posse
939 1343 953 1369 ,
993 1314 1048 1356 ut
1087 1313 1281 1357 certum
1320 1313 1582 1359 asseratur
1611 1305 1696 1376 jus
1735 1303 2060 1358 conciliorum
2097 1322 2254 1375 gene·-

392 1387 572 1440 ralium
643 1406 797 1460 supra
866 1389 1132 1444 Romanos
1190 1389 1495 1456 PontificeS‚
1565 1410 1713 1445 nemo
1778 1391 1925 1445 facilc
1988 1391 2254 1445 revincere

392 1474 593 1546 poterit.
679 1476 796 1529 Ideo
846 1487 1038 1530 certam
1086 1478 1442 1539 auctoritatem
1493 1496 1563 1532 ex
1611 1496 1672 1532 ea
1729 1478 1926 1551 synodo
1974 1478 2256 1532 adversarii

391 1562 723 1634 colligendam
761 1564 1093 1632 existimant,
1143 1565 1261 1635 quia
1296 1565 1456 1637 ipsam
1494 1564 1869 1629 oecumenicam
1918 1564 2073 1633 fuisse
2119 1565 2256 1618 arbi-

392 1658 626 1703 trantur:
666 1652 856 1705 frustra
895 1653 1029 1706 enim
1067 1661 1261 1707 certum
1299 1662 1651 1724 argumentum
1690 1661 1997 1723 quaererent
2033 1669 2104 1705 ex
2139 1662 2256 1724 par-

393 1736 625 1804 ticulari,
678 1757 769 1794 seu
819 1758 922 1793 non
970 1739 1201 1812 generali
1240 1740 1478 1806 concilio,
1525 1739 1654 1811 quod
1685 1740 1792 1811 juri
1827 1738 2098 1793 Pontificio
2136 1740 2255 1792 sub-

390 1826 581 1896 jectum
609 1844 680 1879 ex
707 1828 979 1882 eorundem
1006 1828 1417 1884 adversariorum
1443 1826 1702 1901 principiis
1742 1826 1889 1900 (Vid.
1917 1826 2257 1899 prooemium)

395 1911 518 1965 nihil
564 1931 718 1985 supra
765 1914 1046 1970 Pontifices
1093 1925 1286 1988 posset.
1377 1914 1451 1967 Ut
1501 1924 1668 1968 autem
1737 1923 1990 1970 statuatur
2039 1914 2254 1984 aliquam

395 2001 644 2072 synodum
684 2020 799 2056 esse
822 2021 947 2057 vere
984 2002 1375 2068 oecumenicam,
1412 2002 1515 2056 tria
1552 2011 1670 2055 sunt
1695 2002 2026 2056 decernenda.
2075 1999 2255 2054 Primo

395 2107 425 2140 a
465 2107 678 2157 quonam
717 2089 979 2144 concilium
1016 2109 1139 2146 vere
1189 2089 1562 2149 oecumenicum
1610 2089 1677 2142 sit
1723 2090 2122 2145 convocandum:
2172 2077 2254 2142 se-

395 2175 557 2227 cundo
595 2186 717 2246 quot
754 2187 806 2231 et
853 2176 1057 2248 quinam
1098 2175 1336 2249 Episcopi
1385 2178 1599 2231 debeant
1644 2176 1699 2228 in
1746 2194 1807 2229 eo
1855 2177 2160 2241 convenire,
2199 2187 2255 2231 ut

394 2261 461 2314 sit
500 2271 552 2316 ct
589 2263 783 2317 dicatur
821 2284 944 2320 vere
984 2265 1383 2319 oecumenicum:
1441 2263 1596 2318 tertio
1635 2273 1759 2334 quot
1795 2273 1847 2317 et
1884 2282 2095 2335 quorum
2132 2261 2257 2336 Epi-

394 2363 661 2422 scoporum
713 2351 767 2405 in
816 2372 876 2407 eo
918 2351 1327 2408 convenientium
1366 2345 1610 2423 suffragia
1658 2351 1713 2403 in
1762 2370 1914 2404 unum
1954 2351 2255 2406 confluentia

394 2437 496 2490 sint
534 2440 845 2503 necessaria,
885 2450 941 2494 ut
978 2441 1188 2495 decreta
1224 2440 1326 2495 vim
1365 2440 1622 2511 generalis
1662 2438 1862 2492 conciiii
1900 2439 2178 2498 obtineant.

1255 2592 1304 2661 §.
1331 2591 1396 2670 J.

835 2698 901 2739 De
924 2697 1027 2748 jure
1056 2697 1328 2742 convocandi
1362 2696 1558 2737 Concilia
1586 2697 1822 2747 generalia.

544 2783 598 2834 2.
676 2781 855 2851 Quoad
916 2784 1160 2856 primum,
1220 2801 1331 2837 cum
1389 2782 1655 2842 concilium
1717 2784 1956 2855 generale
2016 2802 2088 2838 ex
2146 2794 2256 2838 tota

397 2870 643 2926 catholica
678 2870 912 2927 Ecclesia
952 2872 1018 2926 sit
1056 2871 1463 2937 convocandum,
1515 2872 1579 2924 ad
1625 2889 1715 2925 eos
1765 2881 1962 2925 tantum
1998 2871 2256 2943 pertinere

402 2967 572 3028 potest
598 2961 686 3031 jus
725 2960 1054 3026 convocandi,
1095 2959 1274 3030 quibus
1312 2959 1366 3012 in
1403 2968 1562 3012 totam
1588 2956 1871 3012 Ecclesiam
1910 2967 1962 3010 ct
1999 2957 2052 3009 in
2078 2977 2254 3011 omnes

402 3044 560 3099 totius
610 3045 871 3101 Ecclesiae
908 3046 1192 3120 Episcopos
1233 3046 1521 3119 jurisdictio
1575 3045 1824 3118 competit.
1903 3041 2097 3111 Quodsi
2135 3063 2255 3099 con-

401 3133 740 3186 vocandarum
778 3135 1087 3207 synodorum
1119 3137 1205 3206 jus
1253 3134 1306 3188 in
1355 3133 1613 3207 spirituale
1650 3134 1835 3185 bonum
1871 3129 2134 3186 Ecclesiae
2171 3152 2254 3188 re-

402 3220 562 3272 fertur
601 3221 662 3273 ad
699 3231 1002 3293 potestatem
1043 3223 1285 3289 clavium3
1334 3221 1517 3293 negari
1565 3239 1594 3274 a
1632 3219 1863 3291 quopiam
1909 3237 2011 3271 non
2049 3220 2254 3291 poterit,

396 3306 515 3374 quin
555 3325 747 3360 summo
798 3307 1068 3374 Pontifici,
1122 3310 1200 3363 cui
1246 3309 1446 3363 ratione
1499 3306 1761 3379 primatus>
1793 3306 2029 3379 competit
2068 3309 2155 3378 jus
2207 3317 2258 3360 et

393 3402 620 3462 potestas
659 3395 881 3452 clavium
919 3396 970 3449 in
1001 3398 1289 3453 universam
1311 3393 1612 3458 Ecclesiam,
1654 3393 1716 3445 ob
1755 3393 1962 3447 eundem
1993 3393 2256 3467 primatum
