2326 3854
701 192 1288 248 &lm-„-

95 362 230 432 ipsiS‚
268 361 311 412 si
348 360 568 429 vigeant,
606 359 860 429 copulatur
899 357 1124 409 naturale
1163 373 1219 407 ac
1245 354 1456 408 divinum
1488 355 1572 423 jus
1612 353 1892 422 prohibcnS‚

14 503 21 508 ,
94 464 156 497 ne
195 445 300 497 sine
330 447 467 514 justa
504 461 652 497 causa
690 443 736 494 in
776 443 836 495 iis
875 443 1208 512 dispensetur,
1248 448 1331 491 aut
1369 438 1531 507 aliqua
1569 438 1774 489 mutatio
1813 457 1893 489 ar-

93 531 299 582 bitraria
334 530 616 582 inducatur:
665 527 897 595 siquidem
937 527 987 579 in
1017 527 1144 598 ‘ipsis
1182 524 1546 597 particularium
1585 541 1776 592 quoque
1815 541 1895 575 ec-

95 615 348 667 clesiarum
386 613 772 665 moribus-nullo
811 630 1031 682 canone,
1070 613 1155 664 scd
1193 611 1301 662 sola
1339 609 1691 676 consuetudi-ne
1729 608 1894 660 firma-

93 700 186 766 tis,
232 699 314 750 uhi
362 695 734 750 demutatione
784 697 949 748 etiam
986 697 1095 748 utili
1143 696 1414 748 inducenda
1461 697 1666 764 agatur,
1715 711 1895 762 magna

93 781 528 852 circumspectione
575 777 806 833 utendum
855 791 956 832 est:
1032 783 1155 848 Ipsa
1194 785 1390 849 quippe
1429 783 1642 832 mutatio
1681 798 1892 830 consue-

91 870 304 927 tudinis,
341 870 494 918 etiam
533 886 667 935 quae
707 868 926 937 adjuvat
958 868 1186 918 utilitate
1196 862 1213 926 3
1247 868 1477 916 novitate
1509 866 1807 932 perturbat,
1844 875 1896 922 ut

90 950 400 1021 Augustinus
450 961 586 1003 recte
634 950 820 1002 monuit
871 948 1046 1020 (epish
1084 950 1170 1001 54.
1231 951 1291 1002 al.
1333 950 1452 1002 118.
1500 950 1559 1000 ad
1602 948 1894 1003 Januarium

90 1054 219 1088 num.
245 1035 347 1105 6.).
387 1033 550 1088 Velim
588 1036 709 1097 haec
748 1035 1061 1088 adversarios
1101 1043 1292 1086 attente
1328 1035 1655 1104 perpendere:
1695 1039 1745 1086 et
1781 1052 1895 1086 num

88 1121 124 1173 ii
160 1121 241 1190 qui
277 1129 570 1192 potestatem
606 1119 936 1189 plenissimam
986 1128 1036 1171 et
1071 1136 1350 1189 supremam
1399 1118 1619 1186 quidem,
1670 1129 1721 1170 at
1770 1119 1895 1170 indi-

91 1206 214 1259 catis
252 1206 403 1259 divini
439 1222 496 1258 ac
533 1204 775 1256 naturalis
805 1203 935 1274 juris
972 1202 1206 1254 limitibus
1246 1203 1694 1273 circumscriptam,
1737 1221 1896 1272 neque

93 1311 122 1343 a
158 1309 394 1344 canonum
433 1299 740 1359 receptorum
777 1306 974 1351 norma,
1024 1287 1120 1339 nisi
1169 1288 1252 1339 ubi
1299 1287 1532 1359 expediat
1569 1297 1655 1341 aut
1691 1304 1896 1357 neeesse

89 1377 180 1441 sit,
231 1379 428 1428 omnino
479 1375 687 1426 solutam
735 1372 978 1425 Romanis
1016 1372 1342 1425 Pontificibus
1390 1379 1652 1438 asserunt,
1697 1374 1895 1426 nimium

89 1470 138 1514 et
174 1479 261 1531 per
308 1478 568 1513 excessum
619 1467 878 1526 asserant,
928 1477 1083 1527 aequo
1125 1457 1308 1528 judicio
1359 1459 1629 1511 decernant
1643 1481 1661 1525 ς’
1715 1469 1792 1524 et,
1840 1469 1896 1512 ut

90 1546 303 1610 confido,
365 1546 605 1615 objectam
664 1542 1054 1596 criminationem
1103 1543 1202 1595 odii
1258 1544 1454 1614 plenam
1503 1540 1778 1615 agnoscent
1838 1556 1897 1597 a'c

90 1640 338 1700 respuent.
411 1629 462 1681 ld
512 1638 673 1681 autem
721 1630 872 1680 multo
921 1628 1079 1699 magis
1122 1629 1449 1698 praestabit,v
1473 1629 1694 1698 quisquis
1733 1630 1895 1682 consi-

90 1715 226 1768 de'ret
263 1724 555 1786 potestatem
592 1714 920 1783 dispensandi,
960 1714 1244 1783 derogandi,
1283 1723 1368 1765 aut
1404 1714 1620 1766 mutandi
1657 1714 1709 1764 in
1747 1731 1896 1776 cano-

89 1801 233 1853 nibus
255 1800 579 1871 ·disciplinae‚
636 1814 761 1867 quae
810 1806 879 1850 ex
915 1798 1023 1850 sola
1051 1800 1191 1868 justa
1226 1817 1376 1851 causa
1411 1799 1629 1869 publicae
1667 1799 1895 1851 utilitatis

89 1895 173 1936 aut
207 1885 521 1962 necessitatis
559 1882 732 1954 Papae
768 1883 1027 1950 tribuitur,
1074 1884 1208 1955 ipsos
1236 1902 1463 1937 ,canones
1501 1885 1665 1955 reipsa
1703 1902 1891 1953 nequa-

89 1987 228 2037 quam
260 1969 528 2040 'impeteret
578 1973 703 2038 quia
750 1968 834 2038 (ut
869 1969 922 2019 in
960 1968 1166 2038 epistola
1204 1970 1265 2020 ad
1291 1970 1506 2023 Avitum
1544 1970 1709 2023 docuit
1746 1968 1896 2040 Sym-

88 2055 286 2106 machus
322 2053 461 2125 Papa
497 2055 720 2106 laudatus
769 2073 798 2106 a
832 2050 1109 2123 Bossueto)
1158 2052 1270 2124 (lib.
1313 2053 1652 2107 10.··Defen‘s.
1694 2073 1735 2107 c.
1778 2054 1894 2124 19.)

89 2142 232 2207 quod
266 2143 313 2191 si
340 2147 560 2207 praeter
591 2141 868 2208 Requlum,
903 2141 1058 2190 modo
1089 2142 1159 2190 sit
1192 2141 1304 2191 EX
1334 2142 1374 2192 J
1385 2141 1477 2193 US
1488 2140 1580 2191 TA
1627 2141 1717 2213 CA
1732 2139 1893 2200 USA,

86 2242 193 2274 non
238 2227 487 2292 infringit
537 2227 775 2293 regulam
837 2223 1113 2293 (canonum
1157 2225 1379 2294 regulam
1426 2214 1689 2297 intelligit)
1740 2245 1896 2295 quam

90 2309 205 2358 sola
256 2312 564 2374 pervicacia
623 2316 699 2361 et
727 2312 1052 2376 antiquitatis
1121 2310 1407 2362 contemtus
1482 2313 1669 2363 laedit:
1754 2311 1895 2362 Nam

90 2396 320 2460 quamvis
359 2413 391 2444 a
425 2394 674 2445 Patribus
712 2401 908 2445 statuta
945 2396 1187 2462 diliyenti
1223 2395 1599 2455 observatione,
1638 2403 1689 2446 et
1723 2397 1884 2447 obser.

87 2477 232 2528 vanti
265 2479 541 2545 diliqentia
577 2470 702 2530 sunt
741 2481 1116 2539 custodienda3
1163 2480 1502 2531 nihilominus
1534 2488 1763 2548 propter
1801 2482 1894 2532 ali-

89 2564 232 2629 quod
276 2563 466 2614 bonum
512 2565 577 2614 de
625 2567 805 2632 riyore
854 2566 984 2632 leyis
1033 2566 1239 2633 aliquid
1283 2567 1596 2627 relati-atum·
1655 2568 1801 2634 quod
1823 2572 1895 2616 et

88 2649 222 2713 ipsa-
255 2649 345 2698 lex
391 2639 636 2708 cavisset,
685 2652 741 2700 si
766 2639 1145 2716 praevidisset.-
1193 2658 1245 2702 et
1291 2657 1469 2718 saepe:
1497 2653 1713 2703 crudele
1762 2658 1894 2703 esset

89 2734 328 2782 insistere
375 2734 507 2800 leyi,
562 2752 675 2784 cum
734 2735 1068 2787 observantia
1117 2741 1227 2807 ey'us
1279 2755 1390 2788 esse
1430 2737 1892 2807 praejudiciabilis

91 2815 362 2866 Ecclesiae
399 2820 602 2868 videtur
612 2837 630 2877 ς
678 2823 924 2890 quoniam
961 2822 1101 2888 leyes
1141 2840 1203 2872 ea
1226 2842 1229 2845 ¹
1251 2824 1536 2873 intentione
1576 2824 1719 2873 latae
1759 2828 1893 2880 sunt,

89 2906 147 2950 ut
171 2903 489 2967 proficiant,
523 2920 644 2952 non.
664 2909 726 2954 ut
756 2912 997 2955 noceant.
1073 2901 1185 2970 Quo
1222 2914 1322 2978 uno·
1357 2905 1642 2958 testimonio
1681 2905 1892 2975 diligens

89 2983 246 3036 lector
283 2995 504 3037 nostram
545 2987 840 3039 sententiam
877 2988 1117 3041 firmatam
1156 2990 1439 3060 comperiet.

152 3494 196 3528 Ρ.
229 3494 374 3528 Baller.
416 3494 463 3528 tle
496 3497 693 3531 Potestate
725 3502 798 3531 etc.
1511 3494 1545 3542 4
