2326 3854
913 151 1311 208 ——200
1407 183 1569 193 ——-—-

316 315 403 370 lvo
430 314 472 388 ¹)
513 315 850 377 Carnotensis
898 320 1047 391 epist.
1092 317 1214 372 189.
1292 319 1548 372 Novimus
1599 324 1766 381 enim,
1817 327 1945 391 quia
1990 344 2166 379 neces·

314 407 496 456 sariae
546 409 966 476 dispensationis
1003 406 1190 459 modus
1227 407 1367 459 nulli
1416 426 1650 477 unquam
1699 411 2020 476 sapientium
2060 414 2166 465 dis-

307 491 534 559 plicuit,
587 513 746 562 quam
791 512 902 544 non
951 494 1125 546 solum
1167 497 1422 562 privatae
1461 496 1632 564 leycs,
1681 495 1869 564 quibus
1906 515 2005 549 nec
2035 500 2169 566 fidei

314 582 557 644 veritati,
607 599 706 632 nee
751 599 959 632 morum
1005 582 1277 633 honestati
1323 583 1648 642 consulitur,
1694 584 1794 634 secl
1829 585 1988 635 etiam
2025 584 2168 654 leyes

310 668 595 736 ⁴qenerales
634 674 828 720 contra
866 669 1169 721 haereticos
1206 670 1294 721 vel
1328 670 1621 722 sceleratos
1651 671 2035 739 promulyatae
2074 673 2168 724 ad-

313 756 551 814 mittunt,
598 756 817 822 quando
857 757 1148 828 majoribus
1185 755 1383 808 morbis
1421 757 1707 817 sanandis,
1754 758 1843 808 vel
1879 758 2168 829 majoribus

316 841 470 891 malis
520 843 830 894 amovendis
867 844 1055 895 melius
1102 844 1342 896 subvenit
1389 844 1691 894 moderatio
1732 846 1984 897 ‘sincerae
2014 848 2167 898 ‘cari-

311 929 465 988 tatis,
515 947 675 998 quam
724 932 878 999 riyor
925 932 1254 983 indiscretae
1311 932 1628 982 severitatis.
1722 927 1794 981 Et
1841 930 1988 1001 epist.
2040 931 2165 985 234.

312 1014 595 1084 approbans
633 1015 1090 1088 dispensationem,
1142 1036 1270 1087 quae
1307 1026 1478 1070 tamen
1522 1033 1633 1068 non
1682 1017 1822 1069 obsit
1865 1020 2025 1088 fidei,
2068 1038 2168 1072 nec

312 1101 464 1169 bonis
503 1104 765 1166 moribuS,
805 1104 933 1157 banc
970 1105 1262 1175 generalem
1302 1103 1528 1176 regulam
1568 1103 1774 1156 statuit:
1839 1105 1922 1157 Ibi
1957 1107 2167 1174 dispen-

311 1192 451 1241 satio
491 1193 824 1244 admittenda
864 1200 966 1254 est,
1003 1194 1095 1245 ubi
1130 1197 1284 1263 riyor
1313 1193 1659 1261 periculosus
1697 1199 1788 1245 est.
1863 1190 1920 1244 In
1958 1192 2167 1264 prologo

311 1276 374 1327 ad
410 1274 687 1330 Decretum
736 1270 825 1332 seu
865 1279 1210 1333 collectionem
1250 1296 1520 1343 canonum,
1578 1296 1687 1331 cum
1723 1278 1937 1331 istorum
1976 1298 2164 1333 execu-

311 1360 500 1415 tionem
538 1374 589 1416 et
625 1365 1007 1419 observantiam
1046 1366 1386 1433 commendat,
1435 1364 1716 1436 Augustini
1753 1366 2045 1419 testimonia
2082 1366 2165 1420 re-

310 1447 432 1501 citat
469 1467 538 1502 ex
577 1451 719 1508 libris
757 1462 936 1506 contra
974 1443 1240 1526 epistolam
1278 1450 1632 1518 Parmeniani,
1673 1452 1852 1524 quibus
1891 1452 2167 1507 declaravit

308 1534 372 1587 iis
418 1533 754 1608 Christianis,
811 1539 898 1610 qui
945 1540 1266 1594 anathemate
1311 1539 1450 1611 digni
1505 1548 1651 1604 sunt,
1698 1557 1800 1591 non
1847 1540 2165 1612 parcendum,

309 1624 401 1674 ubi
431 1628 737 1693 periculum
774 1629 1077 1682 schismatis
1115 1630 1320 1681 nullum
1358 1635 1449 1680 est.
1538 1628 1770 1701 ngndo
1808 1626 2041 1679 nimirum
2082 1624 2167 1698 (ut

310 1710 533 1782 explicat
569 1714 717 1784 paulo
755 1724 872 1786 post
907 1715 940 1766 l.
969 1714 1019 1768 3.
1056 1714 1110 1767 in
1148 1713 1392 1768 Parmen.
1433 1732 1484 1766 n.
1509 1712 1646 1786 13.)
1669 1720 1927 1788 cujusque
1965 1718 2165 1767 crimen

309 1806 493 1851 notum
532 1808 634 1863 est,
685 1809 738 1854 et
785 1803 1025 1856 omnibus
1081 1803 1392 1855 execrabile
1441 1809 1700 1872 apparet,
1747 1810 1810 1856 ut
1855 1804 1943 1856 vel
1984 1804 2165 1856 nullos

299 1905 564 1954 prorsus,
612 1891 701 1942 vel
733 1909 842 1943 non
880 1892 1017 1944 tales
1056 1891 1254 1943 habeat
1289 1893 1630 1960 defensores,
1668 1909 1776 1959 per
1826 1909 1959 1959 quos
1988 1893 2170 1959 possit

307 1974 540 2027 schisma
577 1980 907 2047 continyere.
995 1974 1157 2033 Secus
1210 1996 1334 2032 vero
1381 1977 1600 2031 schisma
1647 1976 1719 2029 uti
1768 1978 1930 2048 majus
1981 1976 2165 2029 malum

306 2061 539 2131 prudenti
585 2063 882 2116 oeconomia
928 2064 1187 2118 vitandum
1233 2064 1549 2137 pronunciat.
1625 2063 1735 2117 Hac
1791 2063 2165 2136 dispensatione

306 2144 365 2199 S.
403 2149 647 2202 Irenaeus
685 2139 847 2204 suasit
884 2150 1088 2207 Victori
1125 2151 1396 2214 Pontifici,
1441 2161 1495 2203 ut
1533 2151 1814 2204 abstineret
1853 2151 1914 2203 ab
1953 2169 2162 2204 excom-

308 2235 645 2299 municatione
695 2238 1036 2306 Asianorum,
1095 2239 1180 2310 qui
1227 2238 1280 2291 in
1328 2238 1626 2292 celebrando
1683 2238 1761 2291 die
1811 2237 2083 2292 Paschatis
2135 2258 2165 2292 a

308 2320 657 2377 Romanorum
737 2326 1099 2380 consuetudine
1181 2326 1519 2393 dissidebant3
1603 2335 1655 2379 et
1734 2323 1792 2379 S.
1881 2324 2164 2397 Dionysius

301 2409 691 2466 Alexandrinus
729 2423 906 2467 auctor
940 2413 1034 2467 fuit
1071 2411 1331 2486 Stephano
1367 2411 1558 2486 Papae,
1596 2416 1662 2467 ne
1699 2413 2165 2467 excommunicaret

303 2497 578 2553 Africanos
618 2510 768 2571 atque
806 2500 1068 2568 A'sianoS‚
1119 2500 1205 2572 qui
1252 2501 1522 2554 redeuntes
1561 2500 1620 2552 ab
1662 2499 1862 2554 haeresi
1899 2499 2162 2572 baptizan-

306 2586 396 2639 dos
433 2587 707 2658 putabant,
756 2588 868 2640 dum
908 2588 1033 2642 haec
1071 2588 1313 2642 materies
1346 2587 1404 2639 <in
1443 2587 1672 2640 maxima
1709 2587 2005 2656 quaestione
2043 2606 2162 2641 ver-

306 2683 524 2727 saretur.
600 2673 735 2729 Vide
773 2693 901 2744 quae
945 2675 1040 2728 hac
1090 2675 1150 2728 de
1189 2694 1246 2728 re
1291 2673 1518 2747 pluribus
1573 2673 1656 2744 egi
1711 2672 1765 2725 in
1816 2673 1944 2727 libro
1985 2675 2072 2727 De
2110 2678 2163 2727 vi

304 2767 357 2813 et
391 2765 604 2818 ratione
633 2765 905 2832 primatus
945 2781 988 2816 c.
1034 2762 1115 2818 13.
1157 2782 1208 2815 n.
1251 2753 1348 2815 53.
1378 2780 1426 2833 p.
1470 2760 1577 2814 166
1614 2770 1666 2813 et
1701 2780 1750 2832 p.
1795 2761 1917 2816 17⁶2.
1968 2771 2075 2814 not.
2116 2765 2158 2814 *.

302 2846 361 2899 In
440 2847 563 2920 ipsis
629 2850 950 2921 generalibus
1027 2847 1270 2905 Conciliis
1340 2849 1512 2903 eadem
1579 2848 1858 2902 moderatio
1922 2849 2161 2916 adhibita,

302 2954 411 2989 cum
450 2936 775 3006 quaestiones
816 2938 1108 3004 ebullirent,
1160 2948 1212 2991 et
1260 2936 1574 2991 acerbiorum
1623 2935 1988 2991 dissensionum
2029 2937 2162 3009 peri-

304 3023 464 3076 culum
522 3041 590 3077 ex
650 3025 939 3080 definitione
997 3045 1087 3080 seu
1136 3025 1538 3080 anathematibus
1591 3023 1874 3079 timeretur.
1970 3022 2161 3079 Confer

433 3236 467 3290 ¹)
498 3240 621 3279 Hanc
652 3241 903 3280 sententiam
935 3240 1113 3280 totidem
1136 3240 1224 3280 fere
1253 3240 1393 3279 verbis
1417 3239 1635 3292 excepisse
1657 3238 1824 3280 videtur
1854 3237 1927 3277 Ivo
1961 3249 2012 3277 ex
2035 3238 2158 3289 epist.

303 3302 348 3339 S.
381 3300 528 3351 Cyrilli
560 3300 616 3339 ad
648 3300 934 3352 Gennadium,
974 3313 1056 3352 qua
1085 3304 1196 3340 metu
1228 3301 1397 3351 majoris
1427 3300 1524 3340 mali
1557 3311 1639 3340 non
1670 3297 1946 3339 recedendum
1979 3297 2160 3339 credidit

301 3373 326 3398 a
359 3360 648 3401 communione
677 3361 888 3401 Juvenalis
918 3361 1322 3415 Hierosolymitani‚
1365 3361 1435 3411 qui
1461 3363 1537 3413 jus
1572 3359 1653 3400 sibi
1685 3359 1970 3410 incompetens
2003 3359 2045 3398 in
2078 3359 2159 3398 Pa-

304 3420 511 3459 laestinae
542 3421 781 3471 provincias
812 3425 1069 3474 arrogasset.
1134 3421 1252 3461 Haec
1284 3420 1464 3473 epistola
1494 3421 1650 3460 inserta
1683 3422 1747 3459 est
1779 3420 1939 3460 actioni
1970 3419 2002 3458 1.
2049 3419 2158 3462 Con—

304 3479 391 3518 cilii
425 3479 604 3520 Nicaeni
636 3480 1314 3520 11.·
