<?xml version="1.0" encoding="UTF-8"?>
<!DOCTYPE html PUBLIC "-//W3C//DTD XHTML 1.0 Transitional//EN"
    "http://www.w3.org/TR/xhtml1/DTD/xhtml1-transitional.dtd">
<html xmlns="http://www.w3.org/1999/xhtml" xml:lang="en" lang="en">
 <head>
  <title>
</title>
<meta http-equiv="Content-Type" content="text/html;charset=utf-8" />
  <meta name='ocr-system' content='tesseract 3.04.00' />
  <meta name='ocr-capabilities' content='ocr_page ocr_carea ocr_par ocr_line ocrx_word'/>
</head>
<body>
  <div class='ocr_page' id='page_1' title='image "./ra546170800balluoft_0025.png"; bbox 0 0 2326 3854; ppageno 0'>
   <div class='ocr_carea' id='block_1_1' title="bbox 1024 247 1126 282">
    <p class='ocr_par' dir='ltr' id='par_1_1' title="bbox 1024 247 1126 282">
     <span class='ocr_line' id='line_1_1' title="bbox 1024 247 1126 282; baseline -0.01 0"><span class='ocrx_word' id='word_1_1' title='bbox 1024 247 1126 282; x_wconf 85' lang='lat' dir='ltr'><strong>XIX</strong></span> 
     </span>
    </p>
   </div>
   <div class='ocr_carea' id='block_1_2' title="bbox 1212 260 1384 268">
    <p class='ocr_par' dir='ltr' id='par_1_2' title="bbox 1212 260 1384 268">
     <span class='ocr_line' id='line_1_2' title="bbox 1212 260 1384 268; baseline 0 0"><span class='ocrx_word' id='word_1_2' title='bbox 1212 260 1384 268; x_wconf 95' lang='lat' dir='ltr'><strong> </strong></span> 
     </span>
    </p>
   </div>
   <div class='ocr_carea' id='block_1_3' title="bbox 769 263 935 270">
    <p class='ocr_par' dir='ltr' id='par_1_3' title="bbox 769 263 935 270">
     <span class='ocr_line' id='line_1_3' title="bbox 769 263 935 270; baseline 0 0"><span class='ocrx_word' id='word_1_3' title='bbox 769 263 935 270; x_wconf 95' lang='lat' dir='ltr'><strong> </strong></span> 
     </span>
    </p>
   </div>
   <div class='ocr_carea' id='block_1_4' title="bbox 159 397 1978 3480">
    <p class='ocr_par' dir='ltr' id='par_1_4' title="bbox 159 397 1978 3393">
     <span class='ocr_line' id='line_1_4' title="bbox 167 397 1972 474; baseline -0.003 -17"><span class='ocrx_word' id='word_1_4' title='bbox 167 404 382 458; x_wconf 83' lang='lat' dir='ltr'><strong>toritate</strong></span> <span class='ocrx_word' id='word_1_5' title='bbox 427 398 709 457; x_wconf 86' lang='lat' dir='ltr'><strong>Pontificia</strong></span> <span class='ocrx_word' id='word_1_6' title='bbox 761 401 1104 474; x_wconf 89' lang='lat' dir='ltr'><strong>apertissima</strong></span> <span class='ocrx_word' id='word_1_7' title='bbox 1148 415 1365 471; x_wconf 78' lang='lat' dir='ltr'><strong>semper</strong></span> <span class='ocrx_word' id='word_1_8' title='bbox 1411 402 1465 453; x_wconf 91' lang='lat' dir='ltr'><strong>et</strong></span> <span class='ocrx_word' id='word_1_9' title='bbox 1524 397 1819 452; x_wconf 85' lang='lat' dir='ltr'><strong>fortissima</strong></span> <span class='ocrx_word' id='word_1_10' title='bbox 1864 397 1972 452; x_wconf 89' lang='lat' dir='ltr'><strong>de-</strong></span> 
     </span>
     <span class='ocr_line' id='line_1_5' title="bbox 169 483 1975 561; baseline -0.003 -19"><span class='ocrx_word' id='word_1_11' title='bbox 169 489 299 543; x_wconf 92' lang='lat' dir='ltr'><strong>dere</strong></span> <span class='ocrx_word' id='word_1_12' title='bbox 344 488 684 561; x_wconf 86' lang='lat' dir='ltr'><strong>testimonia,</strong></span> <span class='ocrx_word' id='word_1_13' title='bbox 742 485 846 541; x_wconf 91' lang='lat' dir='ltr'><strong>fide</strong></span> <span class='ocrx_word' id='word_1_14' title='bbox 892 487 1074 540; x_wconf 89' lang='lat' dir='ltr'><strong>aliena</strong></span> <span class='ocrx_word' id='word_1_15' title='bbox 1126 486 1194 540; x_wconf 89' lang='lat' dir='ltr'><strong>sit</strong></span> <span class='ocrx_word' id='word_1_16' title='bbox 1236 483 1592 558; x_wconf 89' lang='lat' dir='ltr'><strong>Declaratio,</strong></span> <span class='ocrx_word' id='word_1_17' title='bbox 1651 483 1792 537; x_wconf 90' lang='lat' dir='ltr'><strong>inter</strong></span> <span class='ocrx_word' id='word_1_18' title='bbox 1837 484 1975 538; x_wconf 89' lang='lat' dir='ltr'><strong>alios</strong></span> 
     </span>
     <span class='ocr_line' id='line_1_6' title="bbox 170 568 1975 642; baseline -0.003 -13"><span class='ocrx_word' id='word_1_19' title='bbox 170 575 329 629; x_wconf 88' lang='lat' dir='ltr'><strong>docet</strong></span> <span class='ocrx_word' id='word_1_20' title='bbox 374 570 541 628; x_wconf 81' lang='lat' dir='ltr'><strong>Card.</strong></span> <span class='ocrx_word' id='word_1_21' title='bbox 585 572 739 626; x_wconf 90' lang='lat' dir='ltr'><strong>Litta</strong></span> <span class='ocrx_word' id='word_1_22' title='bbox 780 572 976 626; x_wconf 90' lang='lat' dir='ltr'><strong>litteris</strong></span> <span class='ocrx_word' id='word_1_23' title='bbox 1024 573 1171 642; x_wconf 86' lang='lat' dir='ltr'><strong>suis,</strong></span> <span class='ocrx_word' id='word_1_24' title='bbox 1219 574 1274 626; x_wconf 90' lang='lat' dir='ltr'><strong>et</strong></span> <span class='ocrx_word' id='word_1_25' title='bbox 1298 572 1388 626; x_wconf 85' lang='lat' dir='ltr'><strong>cl.</strong></span> <span class='ocrx_word' id='word_1_26' title='bbox 1432 568 1661 625; x_wconf 90' lang='lat' dir='ltr'><strong>Victorii</strong></span> <span class='ocrx_word' id='word_1_27' title='bbox 1706 569 1975 623; x_wconf 88' lang='lat' dir='ltr'><strong>Amadaei</strong></span> 
     </span>
     <span class='ocr_line' id='line_1_7' title="bbox 171 653 1975 731; baseline -0.004 -17"><span class='ocrx_word' id='word_1_28' title='bbox 171 658 370 714; x_wconf 80' lang='lat' dir='ltr'><strong>Soardi</strong></span> <span class='ocrx_word' id='word_1_29' title='bbox 415 674 580 731; x_wconf 84' lang='lat' dir='ltr'><strong>opus:</strong></span> <span class='ocrx_word' id='word_1_30' title='bbox 647 656 797 727; x_wconf 90' lang='lat' dir='ltr'><strong>„De</strong></span> <span class='ocrx_word' id='word_1_31' title='bbox 839 673 1123 729; x_wconf 73' lang='lat' dir='ltr'><strong>suprema</strong></span> <span class='ocrx_word' id='word_1_32' title='bbox 1171 654 1437 711; x_wconf 83' lang='lat' dir='ltr'><strong>Romani</strong></span> <span class='ocrx_word' id='word_1_33' title='bbox 1487 653 1803 726; x_wconf 77' lang='lat' dir='ltr'><strong>Pontificis</strong></span> <span class='ocrx_word' id='word_1_34' title='bbox 1857 674 1975 708; x_wconf 81' lang='lat' dir='ltr'><strong>au-</strong></span> 
     </span>
     <span class='ocr_line' id='line_1_8' title="bbox 175 740 1977 812; baseline -0.002 -15"><span class='ocrx_word' id='word_1_35' title='bbox 175 742 426 798; x_wconf 77' lang='lat' dir='ltr'><strong>toritate</strong></span> <span class='ocrx_word' id='word_1_36' title='bbox 470 740 771 797; x_wconf 75' lang='lat' dir='ltr'><strong>hodierna</strong></span> <span class='ocrx_word' id='word_1_37' title='bbox 815 741 1132 797; x_wconf 68' lang='lat' dir='ltr'><strong>Ecclesiae</strong></span> <span class='ocrx_word' id='word_1_38' title='bbox 1185 742 1549 797; x_wconf 77' lang='lat' dir='ltr'><em>Gallicanae</em></span> <span class='ocrx_word' id='word_1_39' title='bbox 1594 740 1977 812; x_wconf 53' lang='lat' dir='ltr'><strong>doctrinas(</strong></span> 
     </span>
     <span class='ocr_line' id='line_1_9' title="bbox 171 827 1974 903; baseline -0.002 -19"><span class='ocrx_word' id='word_1_40' title='bbox 171 833 432 902; x_wconf 88' lang='lat' dir='ltr'><strong>autorque</strong></span> <span class='ocrx_word' id='word_1_41' title='bbox 492 831 714 903; x_wconf 87' lang='lat' dir='ltr'><strong>noster,</strong></span> <span class='ocrx_word' id='word_1_42' title='bbox 781 830 857 882; x_wconf 88' lang='lat' dir='ltr'><strong>ita</strong></span> <span class='ocrx_word' id='word_1_43' title='bbox 902 832 961 883; x_wconf 94' lang='lat' dir='ltr'><strong>ut</strong></span> <span class='ocrx_word' id='word_1_44' title='bbox 1003 829 1197 882; x_wconf 92' lang='lat' dir='ltr'><strong>mirum</strong></span> <span class='ocrx_word' id='word_1_45' title='bbox 1255 830 1472 883; x_wconf 83' lang='lat' dir='ltr'><strong>cuilibet</strong></span> <span class='ocrx_word' id='word_1_46' title='bbox 1526 828 1702 883; x_wconf 89' lang='lat' dir='ltr'><strong>videri</strong></span> <span class='ocrx_word' id='word_1_47' title='bbox 1759 827 1974 902; x_wconf 81' lang='lat' dir='ltr'><strong>debeat,</strong></span> 
     </span>
     <span class='ocr_line' id='line_1_10' title="bbox 171 913 1975 989; baseline -0.002 -19"><span class='ocrx_word' id='word_1_48' title='bbox 171 914 310 988; x_wconf 91' lang='lat' dir='ltr'><strong>quod</strong></span> <span class='ocrx_word' id='word_1_49' title='bbox 354 915 514 987; x_wconf 90' lang='lat' dir='ltr'><strong>pauci</strong></span> <span class='ocrx_word' id='word_1_50' title='bbox 557 915 712 969; x_wconf 90' lang='lat' dir='ltr'><strong>istius</strong></span> <span class='ocrx_word' id='word_1_51' title='bbox 753 918 1050 969; x_wconf 90' lang='lat' dir='ltr'><strong>conventus</strong></span> <span class='ocrx_word' id='word_1_52' title='bbox 1081 913 1410 989; x_wconf 81' lang='lat' dir='ltr'><strong>Praesules,</strong></span> <span class='ocrx_word' id='word_1_53' title='bbox 1469 916 1557 986; x_wconf 89' lang='lat' dir='ltr'><strong>qui</strong></span> <span class='ocrx_word' id='word_1_54' title='bbox 1602 918 1782 969; x_wconf 91' lang='lat' dir='ltr'><strong>tamen</strong></span> <span class='ocrx_word' id='word_1_55' title='bbox 1826 915 1975 987; x_wconf 83' lang='lat' dir='ltr'><strong>pali-</strong></span> 
     </span>
     <span class='ocr_line' id='line_1_11' title="bbox 168 999 1976 1074; baseline -0.001 -19"><span class='ocrx_word' id='word_1_56' title='bbox 168 999 383 1056; x_wconf 91' lang='lat' dir='ltr'><strong>nodiam</strong></span> <span class='ocrx_word' id='word_1_57' title='bbox 430 1017 629 1055; x_wconf 88' lang='lat' dir='ltr'><strong>canere</strong></span> <span class='ocrx_word' id='word_1_58' title='bbox 676 1003 732 1055; x_wconf 91' lang='lat' dir='ltr'><strong>et</strong></span> <span class='ocrx_word' id='word_1_59' title='bbox 776 1017 1019 1056; x_wconf 88' lang='lat' dir='ltr'><strong>errorem</strong></span> <span class='ocrx_word' id='word_1_60' title='bbox 1065 999 1351 1073; x_wconf 89' lang='lat' dir='ltr'><strong>deprecari</strong></span> <span class='ocrx_word' id='word_1_61' title='bbox 1395 999 1574 1054; x_wconf 88' lang='lat' dir='ltr'><strong>adacti</strong></span> <span class='ocrx_word' id='word_1_62' title='bbox 1618 1005 1778 1074; x_wconf 75' lang='lat' dir='ltr'><strong>sunt,</strong></span> <span class='ocrx_word' id='word_1_63' title='bbox 1827 1001 1976 1054; x_wconf 88' lang='lat' dir='ltr'><strong>anti—</strong></span> 
     </span>
     <span class='ocr_line' id='line_1_12' title="bbox 169 1084 1975 1159; baseline 0 -19"><span class='ocrx_word' id='word_1_64' title='bbox 169 1104 328 1159; x_wconf 91' lang='lat' dir='ltr'><strong>quam</strong></span> <span class='ocrx_word' id='word_1_65' title='bbox 370 1103 504 1142; x_wconf 90' lang='lat' dir='ltr'><strong>suae</strong></span> <span class='ocrx_word' id='word_1_66' title='bbox 534 1084 825 1141; x_wconf 77' lang='lat' dir='ltr'><strong>Ecclesiae</strong></span> <span class='ocrx_word' id='word_1_67' title='bbox 871 1090 926 1141; x_wconf 90' lang='lat' dir='ltr'><strong>et</strong></span> <span class='ocrx_word' id='word_1_68' title='bbox 955 1085 1232 1156; x_wconf 87' lang='lat' dir='ltr'><strong>Majorum</strong></span> <span class='ocrx_word' id='word_1_69' title='bbox 1274 1102 1497 1142; x_wconf 87' lang='lat' dir='ltr'><strong>suorum</strong></span> <span class='ocrx_word' id='word_1_70' title='bbox 1540 1085 1837 1140; x_wconf 81' lang='lat' dir='ltr'><strong>doctrinam</strong></span> <span class='ocrx_word' id='word_1_71' title='bbox 1869 1085 1975 1140; x_wconf 90' lang='lat' dir='ltr'><strong>de-</strong></span> 
     </span>
     <span class='ocr_line' id='line_1_13' title="bbox 170 1169 1975 1246; baseline 0.001 -21"><span class='ocrx_word' id='word_1_72' title='bbox 170 1188 358 1228; x_wconf 91' lang='lat' dir='ltr'><strong>serere</strong></span> <span class='ocrx_word' id='word_1_73' title='bbox 403 1172 723 1246; x_wconf 72' lang='lat' dir='ltr'><strong>maluerint,</strong></span> <span class='ocrx_word' id='word_1_74' title='bbox 770 1176 830 1228; x_wconf 90' lang='lat' dir='ltr'><strong>ut</strong></span> <span class='ocrx_word' id='word_1_75' title='bbox 873 1171 1104 1227; x_wconf 84' lang='lat' dir='ltr'><strong>Joannis</strong></span> <span class='ocrx_word' id='word_1_76' title='bbox 1151 1169 1406 1226; x_wconf 79' lang='lat' dir='ltr'><strong>Gersonii</strong></span> <span class='ocrx_word' id='word_1_77' title='bbox 1450 1172 1711 1225; x_wconf 85' lang='lat' dir='ltr'><strong>novitiam</strong></span> <span class='ocrx_word' id='word_1_78' title='bbox 1757 1172 1975 1243; x_wconf 77' lang='lat' dir='ltr'><strong>opinio-—</strong></span> 
     </span>
     <span class='ocr_line' id='line_1_14' title="bbox 167 1255 1975 1332; baseline 0 -20"><span class='ocrx_word' id='word_1_79' title='bbox 167 1275 291 1312; x_wconf 90' lang='lat' dir='ltr'><strong>nem</strong></span> <span class='ocrx_word' id='word_1_80' title='bbox 334 1275 442 1314; x_wconf 90' lang='lat' dir='ltr'><strong>non</strong></span> <span class='ocrx_word' id='word_1_81' title='bbox 487 1259 661 1314; x_wconf 90' lang='lat' dir='ltr'><strong>solum</strong></span> <span class='ocrx_word' id='word_1_82' title='bbox 707 1259 1198 1332; x_wconf 81' lang='lat' dir='ltr'><strong>amplecterentur,</strong></span> <span class='ocrx_word' id='word_1_83' title='bbox 1245 1257 1343 1312; x_wconf 86' lang='lat' dir='ltr'><strong>sed</strong></span> <span class='ocrx_word' id='word_1_84' title='bbox 1389 1257 1552 1311; x_wconf 88' lang='lat' dir='ltr'><strong>etiam</strong></span> <span class='ocrx_word' id='word_1_85' title='bbox 1595 1256 1665 1310; x_wconf 89' lang='lat' dir='ltr'><strong>ad</strong></span> <span class='ocrx_word' id='word_1_86' title='bbox 1711 1255 1975 1312; x_wconf 85' lang='lat' dir='ltr'><strong>alia-ex—</strong></span> 
     </span>
     <span class='ocr_line' id='line_1_15' title="bbox 168 1338 1976 1419; baseline -0.002 -19"><span class='ocrx_word' id='word_1_87' title='bbox 168 1343 483 1414; x_wconf 84' lang='lat' dir='ltr'><strong>tenderent,</strong></span> <span class='ocrx_word' id='word_1_88' title='bbox 531 1347 586 1401; x_wconf 87' lang='lat' dir='ltr'><strong>et</strong></span> <span class='ocrx_word' id='word_1_89' title='bbox 629 1342 879 1399; x_wconf 72' lang='lat' dir='ltr'><strong>Richerii</strong></span> <span class='ocrx_word' id='word_1_90' title='bbox 922 1344 1168 1419; x_wconf 65' lang='lat' dir='ltr'><strong>placitis»,</strong></span> <span class='ocrx_word' id='word_1_91' title='bbox 1215 1344 1304 1416; x_wconf 89' lang='lat' dir='ltr'><strong>qui</strong></span> <span class='ocrx_word' id='word_1_92' title='bbox 1349 1338 1523 1398; x_wconf 90' lang='lat' dir='ltr'><strong>solam</strong></span> <span class='ocrx_word' id='word_1_93' title='bbox 1552 1360 1818 1398; x_wconf 89' lang='lat' dir='ltr'><strong>canonum</strong></span> <span class='ocrx_word' id='word_1_94' title='bbox 1865 1361 1976 1397; x_wconf 87' lang='lat' dir='ltr'><strong>ex·-</strong></span> 
     </span>
     <span class='ocr_line' id='line_1_16' title="bbox 170 1428 1976 1505; baseline -0.001 -21"><span class='ocrx_word' id='word_1_95' title='bbox 170 1429 564 1503; x_wconf 88' lang='lat' dir='ltr'><strong>sequendorum</strong></span> <span class='ocrx_word' id='word_1_96' title='bbox 610 1429 926 1487; x_wconf 86' lang='lat' dir='ltr'><strong>facultatem</strong></span> <span class='ocrx_word' id='word_1_97' title='bbox 956 1432 1200 1485; x_wconf 88' lang='lat' dir='ltr'><strong>servavit</strong></span> <span class='ocrx_word' id='word_1_98' title='bbox 1227 1428 1476 1505; x_wconf 86' lang='lat' dir='ltr'><strong>Primati,</strong></span> <span class='ocrx_word' id='word_1_99' title='bbox 1524 1428 1643 1484; x_wconf 88' lang='lat' dir='ltr'><strong>fere</strong></span> <span class='ocrx_word' id='word_1_100' title='bbox 1675 1432 1976 1505; x_wconf 80' lang='lat' dir='ltr'><strong>appropin-</strong></span> 
     </span>
     <span class='ocr_line' id='line_1_17' title="bbox 170 1511 1978 1591; baseline 0.001 -21"><span class='ocrx_word' id='word_1_101' title='bbox 170 1521 396 1588; x_wconf 89' lang='lat' dir='ltr'><strong>quarent</strong></span> <span class='ocrx_word' id='word_1_102' title='bbox 418 1515 850 1590; x_wconf 80' lang='lat' dir='ltr'><strong>Febroniumque</strong></span> <span class='ocrx_word' id='word_1_103' title='bbox 875 1521 1315 1591; x_wconf 86' lang='lat' dir='ltr'><strong>praecurrerent.</strong></span> <span class='ocrx_word' id='word_1_104' title='bbox 1373 1511 1809 1570; x_wconf 70' lang='lat' dir='ltr'><strong>constantiensis</strong></span> <span class='ocrx_word' id='word_1_105' title='bbox 1836 1518 1978 1571; x_wconf 88' lang='lat' dir='ltr'><strong>enim</strong></span> 
     </span>
     <span class='ocr_line' id='line_1_18' title="bbox 169 1601 1978 1677; baseline 0.001 -20"><span class='ocrx_word' id='word_1_106' title='bbox 169 1603 266 1657; x_wconf 88' lang='lat' dir='ltr'><strong>illa</strong></span> <span class='ocrx_word' id='word_1_107' title='bbox 323 1603 501 1674; x_wconf 89' lang='lat' dir='ltr'><strong>opinio</strong></span> <span class='ocrx_word' id='word_1_108' title='bbox 558 1604 743 1677; x_wconf 84' lang='lat' dir='ltr'><strong>magis</strong></span> <span class='ocrx_word' id='word_1_109' title='bbox 799 1605 852 1658; x_wconf 91' lang='lat' dir='ltr'><strong>in</strong></span> <span class='ocrx_word' id='word_1_110' title='bbox 898 1603 1269 1676; x_wconf 87' lang='lat' dir='ltr'><strong>speculatione</strong></span> <span class='ocrx_word' id='word_1_111' title='bbox 1311 1602 1540 1676; x_wconf 87' lang='lat' dir='ltr'><strong>haeret,</strong></span> <span class='ocrx_word' id='word_1_112' title='bbox 1607 1601 1749 1656; x_wconf 89' lang='lat' dir='ltr'><strong>haec</strong></span> <span class='ocrx_word' id='word_1_113' title='bbox 1794 1606 1978 1658; x_wconf 90' lang='lat' dir='ltr'><strong>autem</strong></span> 
     </span>
     <span class='ocr_line' id='line_1_19' title="bbox 170 1686 1977 1762; baseline 0.002 -22"><span class='ocrx_word' id='word_1_114' title='bbox 170 1686 568 1743; x_wconf 89' lang='lat' dir='ltr'><strong>Declarationis</strong></span> <span class='ocrx_word' id='word_1_115' title='bbox 598 1689 691 1742; x_wconf 87' lang='lat' dir='ltr'><strong>vel</strong></span> <span class='ocrx_word' id='word_1_116' title='bbox 720 1690 957 1743; x_wconf 88' lang='lat' dir='ltr'><strong>maxime</strong></span> <span class='ocrx_word' id='word_1_117' title='bbox 1000 1689 1069 1742; x_wconf 87' lang='lat' dir='ltr'><strong>ad</strong></span> <span class='ocrx_word' id='word_1_118' title='bbox 1097 1689 1312 1762; x_wconf 86' lang='lat' dir='ltr'><strong>praxim</strong></span> <span class='ocrx_word' id='word_1_119' title='bbox 1340 1689 1595 1760; x_wconf 80' lang='lat' dir='ltr'><strong>respicit3</strong></span> <span class='ocrx_word' id='word_1_120' title='bbox 1642 1689 1838 1761; x_wconf 87' lang='lat' dir='ltr'><strong>quippe</strong></span> <span class='ocrx_word' id='word_1_121' title='bbox 1868 1706 1977 1743; x_wconf 92' lang='lat' dir='ltr'><strong>non</strong></span> 
     </span>
     <span class='ocr_line' id='line_1_20' title="bbox 173 1771 1976 1849; baseline 0.001 -22"><span class='ocrx_word' id='word_1_122' title='bbox 173 1772 347 1829; x_wconf 88' lang='lat' dir='ltr'><strong>solum</strong></span> <span class='ocrx_word' id='word_1_123' title='bbox 389 1771 666 1829; x_wconf 88' lang='lat' dir='ltr'><strong>Pontificis</strong></span> <span class='ocrx_word' id='word_1_124' title='bbox 704 1772 1096 1847; x_wconf 75' lang='lat' dir='ltr'><strong>personalia,</strong></span> <span class='ocrx_word' id='word_1_125' title='bbox 1145 1773 1244 1828; x_wconf 91' lang='lat' dir='ltr'><strong>sed</strong></span> <span class='ocrx_word' id='word_1_126' title='bbox 1291 1777 1345 1828; x_wconf 94' lang='lat' dir='ltr'><strong>et</strong></span> <span class='ocrx_word' id='word_1_127' title='bbox 1389 1771 1742 1845; x_wconf 87' lang='lat' dir='ltr'><strong>Apostolicae</strong></span> <span class='ocrx_word' id='word_1_128' title='bbox 1787 1771 1976 1849; x_wconf 78' lang='lat' dir='ltr'><strong>Sedis,</strong></span> 
     </span>
     <span class='ocr_line' id='line_1_21' title="bbox 171 1854 1976 1931; baseline 0.001 -19"><span class='ocrx_word' id='word_1_129' title='bbox 171 1859 380 1913; x_wconf 88' lang='lat' dir='ltr'><strong>scilicet</strong></span> <span class='ocrx_word' id='word_1_130' title='bbox 425 1858 741 1914; x_wconf 80' lang='lat' dir='ltr'><strong>Romanae</strong></span> <span class='ocrx_word' id='word_1_131' title='bbox 777 1859 1094 1915; x_wconf 73' lang='lat' dir='ltr'><strong>Ecclesiae</strong></span> <span class='ocrx_word' id='word_1_132' title='bbox 1136 1877 1245 1914; x_wconf 90' lang='lat' dir='ltr'><strong>una</strong></span> <span class='ocrx_word' id='word_1_133' title='bbox 1291 1877 1413 1914; x_wconf 88' lang='lat' dir='ltr'><strong>cum</strong></span> <span class='ocrx_word' id='word_1_134' title='bbox 1444 1854 1642 1931; x_wconf 78' lang='lat' dir='ltr'><strong>Capite</strong></span> <span class='ocrx_word' id='word_1_135' title='bbox 1688 1876 1788 1914; x_wconf 90' lang='lat' dir='ltr'><strong>suo</strong></span> <span class='ocrx_word' id='word_1_136' title='bbox 1836 1878 1976 1914; x_wconf 79' lang='lat' dir='ltr'><strong>con-</strong></span> 
     </span>
     <span class='ocr_line' id='line_1_22' title="bbox 159 1944 1976 2019; baseline 0.001 -20"><span class='ocrx_word' id='word_1_137' title='bbox 159 1948 387 2015; x_wconf 89' lang='lat' dir='ltr'><strong>junctae</strong></span> <span class='ocrx_word' id='word_1_138' title='bbox 421 1944 632 2014; x_wconf 83' lang='lat' dir='ltr'><strong>judicia</strong></span> <span class='ocrx_word' id='word_1_139' title='bbox 662 1948 931 2018; x_wconf 90' lang='lat' dir='ltr'><strong>superiori</strong></span> <span class='ocrx_word' id='word_1_140' title='bbox 964 1945 1196 2019; x_wconf 90' lang='lat' dir='ltr'><strong>quodam</strong></span> <span class='ocrx_word' id='word_1_141' title='bbox 1230 1944 1437 2014; x_wconf 90' lang='lat' dir='ltr'><strong>judicio</strong></span> <span class='ocrx_word' id='word_1_142' title='bbox 1469 1944 1837 2000; x_wconf 87' lang='lat' dir='ltr'><strong>reformabilia</strong></span> <span class='ocrx_word' id='word_1_143' title='bbox 1870 1945 1976 2000; x_wconf 79' lang='lat' dir='ltr'><strong>de-</strong></span> 
     </span>
     <span class='ocr_line' id='line_1_23' title="bbox 170 2031 1976 2108; baseline 0.002 -24"><span class='ocrx_word' id='word_1_144' title='bbox 170 2031 462 2105; x_wconf 88' lang='lat' dir='ltr'><strong>clarantur,</strong></span> <span class='ocrx_word' id='word_1_145' title='bbox 490 2047 663 2104; x_wconf 90' lang='lat' dir='ltr'><strong>eoque</strong></span> <span class='ocrx_word' id='word_1_146' title='bbox 686 2034 1047 2087; x_wconf 89' lang='lat' dir='ltr'><strong>commentitio</strong></span> <span class='ocrx_word' id='word_1_147' title='bbox 1063 2032 1270 2102; x_wconf 89' lang='lat' dir='ltr'><strong>judicio</strong></span> <span class='ocrx_word' id='word_1_148' title='bbox 1301 2048 1410 2085; x_wconf 91' lang='lat' dir='ltr'><strong>non</strong></span> <span class='ocrx_word' id='word_1_149' title='bbox 1440 2034 1648 2085; x_wconf 88' lang='lat' dir='ltr'><strong>tantum</strong></span> <span class='ocrx_word' id='word_1_150' title='bbox 1675 2031 1976 2108; x_wconf 71' lang='lat' dir='ltr'><strong>collectae,</strong></span> 
     </span>
     <span class='ocr_line' id='line_1_24' title="bbox 171 2114 1976 2194; baseline 0.002 -24"><span class='ocrx_word' id='word_1_151' title='bbox 171 2115 269 2172; x_wconf 84' lang='lat' dir='ltr'><strong>sed</strong></span> <span class='ocrx_word' id='word_1_152' title='bbox 297 2120 352 2170; x_wconf 91' lang='lat' dir='ltr'><strong>et</strong></span> <span class='ocrx_word' id='word_1_153' title='bbox 376 2114 686 2190; x_wconf 65' lang='lat' dir='ltr'><strong>dispersae</strong></span> <span class='ocrx_word' id='word_1_154' title='bbox 717 2116 1031 2194; x_wconf 76' lang='lat' dir='ltr'><strong>Ecclesiae,</strong></span> <span class='ocrx_word' id='word_1_155' title='bbox 1057 2122 1116 2173; x_wconf 92' lang='lat' dir='ltr'><strong>ut</strong></span> <span class='ocrx_word' id='word_1_156' title='bbox 1139 2120 1272 2172; x_wconf 89' lang='lat' dir='ltr'><strong>satis</strong></span> <span class='ocrx_word' id='word_1_157' title='bbox 1296 2121 1486 2190; x_wconf 87' lang='lat' dir='ltr'><strong>aperte</strong></span> <span class='ocrx_word' id='word_1_158' title='bbox 1510 2119 1564 2172; x_wconf 92' lang='lat' dir='ltr'><strong>in</strong></span> <span class='ocrx_word' id='word_1_159' title='bbox 1586 2115 1976 2175; x_wconf 89' lang='lat' dir='ltr'><strong>Declaratione</strong></span> 
     </span>
     <span class='ocr_line' id='line_1_25' title="bbox 170 2201 1975 2278; baseline 0.003 -22"><span class='ocrx_word' id='word_1_160' title='bbox 170 2203 490 2278; x_wconf 87' lang='lat' dir='ltr'><strong>insinuatur,</strong></span> <span class='ocrx_word' id='word_1_161' title='bbox 537 2221 696 2259; x_wconf 90' lang='lat' dir='ltr'><strong>secus</strong></span> <span class='ocrx_word' id='word_1_162' title='bbox 743 2222 808 2260; x_wconf 91' lang='lat' dir='ltr'><strong>ac</strong></span> <span class='ocrx_word' id='word_1_163' title='bbox 852 2206 907 2260; x_wconf 91' lang='lat' dir='ltr'><strong>in</strong></span> <span class='ocrx_word' id='word_1_164' title='bbox 953 2201 1361 2260; x_wconf 70' lang='lat' dir='ltr'><strong>constantiensi</strong></span> <span class='ocrx_word' id='word_1_165' title='bbox 1396 2204 1720 2273; x_wconf 87' lang='lat' dir='ltr'><strong>judicatum.</strong></span> <span class='ocrx_word' id='word_1_166' title='bbox 1776 2204 1975 2278; x_wconf 90' lang='lat' dir='ltr'><strong>Neque</strong></span> 
     </span>
     <span class='ocr_line' id='line_1_26' title="bbox 169 2287 1975 2371; baseline 0.003 -30"><span class='ocrx_word' id='word_1_167' title='bbox 169 2303 287 2343; x_wconf 87' lang='lat' dir='ltr'><strong>rem</strong></span> <span class='ocrx_word' id='word_1_168' title='bbox 327 2290 466 2371; x_wconf 81' lang='lat' dir='ltr'><strong>bene</strong></span> <span class='ocrx_word' id='word_1_169' title='bbox 511 2291 877 2366; x_wconf 89' lang='lat' dir='ltr'><strong>perspiciunt,</strong></span> <span class='ocrx_word' id='word_1_170' title='bbox 936 2292 1022 2365; x_wconf 90' lang='lat' dir='ltr'><strong>qui</strong></span> <span class='ocrx_word' id='word_1_171' title='bbox 1070 2290 1300 2345; x_wconf 88' lang='lat' dir='ltr'><strong>eandem</strong></span> <span class='ocrx_word' id='word_1_172' title='bbox 1343 2287 1635 2345; x_wconf 86' lang='lat' dir='ltr'><strong>Ecclesiae</strong></span> <span class='ocrx_word' id='word_1_173' title='bbox 1692 2290 1975 2364; x_wconf 83' lang='lat' dir='ltr'><strong>dispersae</strong></span> 
     </span>
     <span class='ocr_line' id='line_1_27' title="bbox 170 2373 1978 2448; baseline 0.004 -22"><span class='ocrx_word' id='word_1_174' title='bbox 170 2390 328 2444; x_wconf 89' lang='lat' dir='ltr'><strong>quam</strong></span> <span class='ocrx_word' id='word_1_175' title='bbox 373 2373 639 2432; x_wconf 86' lang='lat' dir='ltr'><strong>collectae</strong></span> <span class='ocrx_word' id='word_1_176' title='bbox 693 2379 1036 2431; x_wconf 88' lang='lat' dir='ltr'><strong>autoritatem</strong></span> <span class='ocrx_word' id='word_1_177' title='bbox 1091 2375 1483 2448; x_wconf 71' lang='lat' dir='ltr'><strong>praetenduntz</strong></span> <span class='ocrx_word' id='word_1_178' title='bbox 1553 2392 1662 2430; x_wconf 90' lang='lat' dir='ltr'><strong>non</strong></span> <span class='ocrx_word' id='word_1_179' title='bbox 1708 2379 1850 2431; x_wconf 89' lang='lat' dir='ltr'><strong>enim</strong></span> <span class='ocrx_word' id='word_1_180' title='bbox 1909 2379 1978 2433; x_wconf 82' lang='lat' dir='ltr'><strong>de</strong></span> 
     </span>
     <span class='ocr_line' id='line_1_28' title="bbox 169 2459 1974 2536; baseline 0.004 -25"><span class='ocrx_word' id='word_1_181' title='bbox 169 2459 458 2514; x_wconf 87' lang='lat' dir='ltr'><strong>autoritate</strong></span> <span class='ocrx_word' id='word_1_182' title='bbox 501 2463 736 2535; x_wconf 89' lang='lat' dir='ltr'><strong>tantum,</strong></span> <span class='ocrx_word' id='word_1_183' title='bbox 783 2460 882 2517; x_wconf 89' lang='lat' dir='ltr'><strong>sed</strong></span> <span class='ocrx_word' id='word_1_184' title='bbox 926 2462 993 2517; x_wconf 92' lang='lat' dir='ltr'><strong>de</strong></span> <span class='ocrx_word' id='word_1_185' title='bbox 1025 2462 1328 2516; x_wconf 87' lang='lat' dir='ltr'><strong>autoritatis</strong></span> <span class='ocrx_word' id='word_1_186' title='bbox 1374 2462 1636 2518; x_wconf 87' lang='lat' dir='ltr'><strong>exercitio</strong></span> <span class='ocrx_word' id='word_1_187' title='bbox 1667 2461 1756 2516; x_wconf 90' lang='lat' dir='ltr'><strong>hic</strong></span> <span class='ocrx_word' id='word_1_188' title='bbox 1796 2480 1974 2536; x_wconf 90' lang='lat' dir='ltr'><strong>quae-</strong></span> 
     </span>
     <span class='ocr_line' id='line_1_29' title="bbox 166 2543 1972 2624; baseline 0.004 -27"><span class='ocrx_word' id='word_1_189' title='bbox 166 2545 332 2618; x_wconf 88' lang='lat' dir='ltr'><strong>ritur,</strong></span> <span class='ocrx_word' id='word_1_190' title='bbox 393 2543 446 2598; x_wconf 90' lang='lat' dir='ltr'><strong>id</strong></span> <span class='ocrx_word' id='word_1_191' title='bbox 492 2548 576 2600; x_wconf 91' lang='lat' dir='ltr'><strong>est</strong></span> <span class='ocrx_word' id='word_1_192' title='bbox 621 2545 688 2601; x_wconf 90' lang='lat' dir='ltr'><strong>de</strong></span> <span class='ocrx_word' id='word_1_193' title='bbox 723 2546 930 2616; x_wconf 57' lang='lat' dir='ltr'><strong>,iudicio</strong></span> <span class='ocrx_word' id='word_1_194' title='bbox 975 2547 1228 2602; x_wconf 87' lang='lat' dir='ltr'><strong>uniformi</strong></span> <span class='ocrx_word' id='word_1_195' title='bbox 1272 2547 1436 2602; x_wconf 88' lang='lat' dir='ltr'><strong>totius</strong></span> <span class='ocrx_word' id='word_1_196' title='bbox 1481 2544 1809 2624; x_wconf 74' lang='lat' dir='ltr'><strong>Ecclesiae,</strong></span> <span class='ocrx_word' id='word_1_197' title='bbox 1869 2567 1972 2623; x_wconf 92' lang='lat' dir='ltr'><strong>quo</strong></span> 
     </span>
     <span class='ocr_line' id='line_1_30' title="bbox 164 2627 1977 2708; baseline 0.005 -25"><span class='ocrx_word' id='word_1_198' title='bbox 164 2627 521 2702; x_wconf 87' lang='lat' dir='ltr'><strong>Apostolicae</strong></span> <span class='ocrx_word' id='word_1_199' title='bbox 567 2627 730 2687; x_wconf 80' lang='lat' dir='ltr'><strong>Sedis</strong></span> <span class='ocrx_word' id='word_1_200' title='bbox 759 2635 1030 2689; x_wconf 89' lang='lat' dir='ltr'><strong>sententia</strong></span> <span class='ocrx_word' id='word_1_201' title='bbox 1064 2632 1490 2708; x_wconf 76' lang='lat' dir='ltr'><strong>reformaretur,</strong></span> <span class='ocrx_word' id='word_1_202' title='bbox 1529 2634 1687 2705; x_wconf 91' lang='lat' dir='ltr'><strong>quale</strong></span> <span class='ocrx_word' id='word_1_203' title='bbox 1713 2635 1977 2704; x_wconf 90' lang='lat' dir='ltr'><strong>judicium</strong></span> 
     </span>
     <span class='ocr_line' id='line_1_31' title="bbox 167 2717 1976 2793; baseline 0.004 -24"><span class='ocrx_word' id='word_1_204' title='bbox 167 2732 202 2769; x_wconf 91' lang='lat' dir='ltr'><strong>a</strong></span> <span class='ocrx_word' id='word_1_205' title='bbox 247 2717 476 2771; x_wconf 88' lang='lat' dir='ltr'><strong>collecta</strong></span> <span class='ocrx_word' id='word_1_206' title='bbox 521 2718 715 2793; x_wconf 89' lang='lat' dir='ltr'><strong>solum,</strong></span> <span class='ocrx_word' id='word_1_207' title='bbox 761 2721 1073 2793; x_wconf 88' lang='lat' dir='ltr'><strong>neutiquam</strong></span> <span class='ocrx_word' id='word_1_208' title='bbox 1116 2735 1251 2775; x_wconf 88' lang='lat' dir='ltr'><strong>vero</strong></span> <span class='ocrx_word' id='word_1_209' title='bbox 1299 2719 1548 2792; x_wconf 87' lang='lat' dir='ltr'><strong>dispersa</strong></span> <span class='ocrx_word' id='word_1_210' title='bbox 1577 2717 1839 2776; x_wconf 90' lang='lat' dir='ltr'><strong>Ecclesia</strong></span> <span class='ocrx_word' id='word_1_211' title='bbox 1882 2725 1976 2777; x_wconf 79' lang='lat' dir='ltr'><strong>in·-</strong></span> 
     </span>
     <span class='ocr_line' id='line_1_32' title="bbox 172 2802 1975 2884; baseline 0.006 -30"><span class='ocrx_word' id='word_1_212' title='bbox 172 2802 350 2875; x_wconf 84' lang='lat' dir='ltr'><strong>stitui,</strong></span> <span class='ocrx_word' id='word_1_213' title='bbox 410 2802 631 2858; x_wconf 88' lang='lat' dir='ltr'><strong>formari</strong></span> <span class='ocrx_word' id='word_1_214' title='bbox 677 2809 731 2860; x_wconf 90' lang='lat' dir='ltr'><strong>et</strong></span> <span class='ocrx_word' id='word_1_215' title='bbox 773 2805 1034 2878; x_wconf 91' lang='lat' dir='ltr'><strong>publicari</strong></span> <span class='ocrx_word' id='word_1_216' title='bbox 1076 2808 1284 2881; x_wconf 89' lang='lat' dir='ltr'><strong>posset.</strong></span> <span class='ocrx_word' id='word_1_217' title='bbox 1371 2803 1435 2859; x_wconf 90' lang='lat' dir='ltr'><strong>Id</strong></span> <span class='ocrx_word' id='word_1_218' title='bbox 1486 2822 1696 2878; x_wconf 93' lang='lat' dir='ltr'><strong>quoque</strong></span> <span class='ocrx_word' id='word_1_219' title='bbox 1743 2809 1975 2884; x_wconf 82' lang='lat' dir='ltr'><strong>accedit,</strong></span> 
     </span>
     <span class='ocr_line' id='line_1_33' title="bbox 171 2885 1976 2966; baseline 0.006 -27"><span class='ocrx_word' id='word_1_220' title='bbox 171 2885 311 2958; x_wconf 92' lang='lat' dir='ltr'><strong>quod</strong></span> <span class='ocrx_word' id='word_1_221' title='bbox 366 2888 505 2942; x_wconf 87' lang='lat' dir='ltr'><strong>inter</strong></span> <span class='ocrx_word' id='word_1_222' title='bbox 560 2889 906 2947; x_wconf 87' lang='lat' dir='ltr'><strong>adversarios</strong></span> <span class='ocrx_word' id='word_1_223' title='bbox 975 2893 1139 2966; x_wconf 28' lang='lat' dir='ltr'><strong>ipsos*</strong></span> <span class='ocrx_word' id='word_1_224' title='bbox 1193 2908 1263 2946; x_wconf 92' lang='lat' dir='ltr'><strong>ne</strong></span> <span class='ocrx_word' id='word_1_225' title='bbox 1323 2893 1579 2946; x_wconf 89' lang='lat' dir='ltr'><strong>convenit</strong></span> <span class='ocrx_word' id='word_1_226' title='bbox 1637 2894 1850 2965; x_wconf 89' lang='lat' dir='ltr'><strong>quidem</strong></span> <span class='ocrx_word' id='word_1_227' title='bbox 1908 2895 1976 2950; x_wconf 89' lang='lat' dir='ltr'><strong>de</strong></span> 
     </span>
     <span class='ocr_line' id='line_1_34' title="bbox 170 2971 1976 3053; baseline 0.004 -27"><span class='ocrx_word' id='word_1_228' title='bbox 170 2971 473 3028; x_wconf 85' lang='lat' dir='ltr'><strong>conditione</strong></span> <span class='ocrx_word' id='word_1_229' title='bbox 519 2973 715 3043; x_wconf 88' lang='lat' dir='ltr'><strong>judicii</strong></span> <span class='ocrx_word' id='word_1_230' title='bbox 757 2975 1186 3053; x_wconf 85' lang='lat' dir='ltr'><strong>Episcoporum,</strong></span> <span class='ocrx_word' id='word_1_231' title='bbox 1245 2994 1348 3048; x_wconf 88' lang='lat' dir='ltr'><strong>quo</strong></span> <span class='ocrx_word' id='word_1_232' title='bbox 1404 2975 1644 3033; x_wconf 85' lang='lat' dir='ltr'><strong>Romani</strong></span> <span class='ocrx_word' id='word_1_233' title='bbox 1697 2977 1976 3036; x_wconf 85' lang='lat' dir='ltr'><strong>Pontificis</strong></span> 
     </span>
     <span class='ocr_line' id='line_1_35' title="bbox 169 3056 1973 3136; baseline 0.006 -25"><span class='ocrx_word' id='word_1_234' title='bbox 169 3056 389 3113; x_wconf 90' lang='lat' dir='ltr'><strong>decreta</strong></span> <span class='ocrx_word' id='word_1_235' title='bbox 423 3058 838 3133; x_wconf 79' lang='lat' dir='ltr'><strong>reformentur3</strong></span> <span class='ocrx_word' id='word_1_236' title='bbox 895 3081 1016 3118; x_wconf 91' lang='lat' dir='ltr'><strong>cum</strong></span> <span class='ocrx_word' id='word_1_237' title='bbox 1061 3064 1153 3119; x_wconf 91' lang='lat' dir='ltr'><strong>alii</strong></span> <span class='ocrx_word' id='word_1_238' title='bbox 1197 3061 1453 3118; x_wconf 90' lang='lat' dir='ltr'><strong>sufficere</strong></span> <span class='ocrx_word' id='word_1_239' title='bbox 1498 3067 1688 3136; x_wconf 91' lang='lat' dir='ltr'><strong>putent</strong></span> <span class='ocrx_word' id='word_1_240' title='bbox 1732 3084 1973 3121; x_wconf 84' lang='lat' dir='ltr'><strong>consen-</strong></span> 
     </span>
     <span class='ocr_line' id='line_1_36' title="bbox 171 3144 1977 3225; baseline 0.007 -30"><span class='ocrx_word' id='word_1_241' title='bbox 171 3159 287 3199; x_wconf 90' lang='lat' dir='ltr'><strong>sum</strong></span> <span class='ocrx_word' id='word_1_242' title='bbox 329 3146 580 3201; x_wconf 88' lang='lat' dir='ltr'><strong>notabilis</strong></span> <span class='ocrx_word' id='word_1_243' title='bbox 626 3144 1024 3221; x_wconf 84' lang='lat' dir='ltr'><strong>Episcoporum</strong></span> <span class='ocrx_word' id='word_1_244' title='bbox 1066 3149 1273 3222; x_wconf 79' lang='lat' dir='ltr'><strong>partiS,</strong></span> <span class='ocrx_word' id='word_1_245' title='bbox 1321 3149 1414 3202; x_wconf 89' lang='lat' dir='ltr'><strong>alii</strong></span> <span class='ocrx_word' id='word_1_246' title='bbox 1458 3151 1714 3225; x_wconf 77' lang='lat' dir='ltr'><strong>majoriS,</strong></span> <span class='ocrx_word' id='word_1_247' title='bbox 1762 3151 1977 3222; x_wconf 89' lang='lat' dir='ltr'><strong>quidam</strong></span> 
     </span>
     <span class='ocr_line' id='line_1_37' title="bbox 169 3227 1973 3308; baseline 0.007 -26"><span class='ocrx_word' id='word_1_248' title='bbox 169 3227 396 3302; x_wconf 90' lang='lat' dir='ltr'><strong>denique</strong></span> <span class='ocrx_word' id='word_1_249' title='bbox 469 3233 877 3288; x_wconf 86' lang='lat' dir='ltr'><strong>unanimitatem</strong></span> <span class='ocrx_word' id='word_1_250' title='bbox 946 3231 1384 3308; x_wconf 84' lang='lat' dir='ltr'><strong>Episcoporum,</strong></span> <span class='ocrx_word' id='word_1_251' title='bbox 1469 3234 1517 3287; x_wconf 89' lang='lat' dir='ltr'><strong>si</strong></span> <span class='ocrx_word' id='word_1_252' title='bbox 1585 3250 1693 3289; x_wconf 92' lang='lat' dir='ltr'><strong>non</strong></span> <span class='ocrx_word' id='word_1_253' title='bbox 1760 3239 1973 3295; x_wconf 89' lang='lat' dir='ltr'><strong>omnino</strong></span> 
     </span>
     <span class='ocr_line' id='line_1_38' title="bbox 167 3314 1372 3393; baseline 0.002 -25"><span class='ocrx_word' id='word_1_254' title='bbox 167 3314 486 3391; x_wconf 79' lang='lat' dir='ltr'><strong>physicam,</strong></span> <span class='ocrx_word' id='word_1_255' title='bbox 532 3317 728 3373; x_wconf 89' lang='lat' dir='ltr'><strong>saltem</strong></span> <span class='ocrx_word' id='word_1_256' title='bbox 769 3320 1031 3374; x_wconf 90' lang='lat' dir='ltr'><strong>moralem</strong></span> <span class='ocrx_word' id='word_1_257' title='bbox 1077 3319 1372 3393; x_wconf 88' lang='lat' dir='ltr'><strong>requirant.</strong></span> 
     </span>
    </p>

    <p class='ocr_par' dir='ltr' id='par_1_5' title="bbox 294 3400 1973 3480">
     <span class='ocr_line' id='line_1_39' title="bbox 294 3400 1973 3480; baseline 0.006 -26"><span class='ocrx_word' id='word_1_258' title='bbox 294 3400 431 3456; x_wconf 90' lang='lat' dir='ltr'><strong>Jure</strong></span> <span class='ocrx_word' id='word_1_259' title='bbox 466 3402 667 3472; x_wconf 84' lang='lat' dir='ltr'><strong>divino,</strong></span> <span class='ocrx_word' id='word_1_260' title='bbox 715 3403 1048 3460; x_wconf 90' lang='lat' dir='ltr'><strong>adversariis</strong></span> <span class='ocrx_word' id='word_1_261' title='bbox 1075 3405 1473 3480; x_wconf 79' lang='lat' dir='ltr'><strong>confitentibuS,</strong></span> <span class='ocrx_word' id='word_1_262' title='bbox 1504 3402 1790 3462; x_wconf 83' lang='lat' dir='ltr'><strong>Romanus</strong></span> <span class='ocrx_word' id='word_1_263' title='bbox 1813 3405 1973 3463; x_wconf 74' lang='lat' dir='ltr'><strong>Pon-</strong></span> 
     </span>
    </p>
   </div>
   <div class='ocr_carea' id='block_1_5' title="bbox 168 3482 1970 3630">
    <p class='ocr_par' dir='ltr' id='par_1_6' title="bbox 168 3482 1970 3630">
     <span class='ocr_line' id='line_1_40' title="bbox 168 3482 1970 3567; baseline 0.006 -29"><span class='ocrx_word' id='word_1_264' title='bbox 168 3482 304 3538; x_wconf 85' lang='lat' dir='ltr'><strong>tifex</strong></span> <span class='ocrx_word' id='word_1_265' title='bbox 348 3504 512 3559; x_wconf 87' lang='lat' dir='ltr'><strong>super</strong></span> <span class='ocrx_word' id='word_1_266' title='bbox 554 3505 743 3544; x_wconf 90' lang='lat' dir='ltr'><strong>omnes</strong></span> <span class='ocrx_word' id='word_1_267' title='bbox 774 3488 1060 3547; x_wconf 90' lang='lat' dir='ltr'><strong>Ecclesias</strong></span> <span class='ocrx_word' id='word_1_268' title='bbox 1091 3489 1448 3565; x_wconf 87' lang='lat' dir='ltr'><strong>particulares</strong></span> <span class='ocrx_word' id='word_1_269' title='bbox 1495 3507 1792 3566; x_wconf 89' lang='lat' dir='ltr'><strong>omnesque</strong></span> <span class='ocrx_word' id='word_1_270' title='bbox 1822 3491 1970 3567; x_wconf 84' lang='lat' dir='ltr'><strong>Epi-</strong></span> 
     </span>
     <span class='ocr_line' id='line_1_41' title="bbox 1549 3571 1628 3630; baseline 0 -22"><span class='ocrx_word' id='word_1_271' title='bbox 1549 3571 1628 3630; x_wconf 63' lang='lat' dir='ltr'><strong>bae</strong></span> 
     </span>
    </p>
   </div>
  </div>
 </body>
</html>
