2326 3854
956 770 1003 821 D
1033 769 1078 821 E

384 940 904 1004 POTESTATE
979 859 1652 1001 EccfflsmsucA

122 1095 912 1234 SUMMORUM
1044 1091 1919 1181 PONTIFIOUM

949 1311 1075 1359 ET

235 1477 965 1554 CONCILIORUM
1059 1472 1798 1573 GENERALIUM.

739 1856 1148 1930 CAPUT
1247 1856 1304 1928 Ι.

119 1998 203 2044 De
216 1999 592 2057 jurisdictionis
623 1997 1010 2044 Ecclesiasticae
1040 2001 1258 2056 oriyine,
1307 2003 1357 2042 et
1387 1998 1449 2042 de
1481 1998 1770 2043 discrimine
1785 1998 1926 2056 juris

118 2061 249 2104 inter
278 2058 329 2104 S.
362 2057 577 2103 Petrum
609 2063 658 2102 et
687 2063 876 2102 ceteros
891 2056 1155 2118 Apostolos
1186 2071 1457 2115 eorumque
1485 2071 1803 2109 successores,
1839 2060 1927 2115 qui

370 2120 423 2162 in
451 2120 619 2166 varios
649 2114 1019 2178 Episcoporum
1047 2115 1242 2177 qradus
1275 2116 1667 2175 distinquuntur.

955 2233 1002 2300 g.
1041 2232 1082 2284 1.

119 2333 367 2374 Jurisdictio
417 2333 719 2376 Ecclesiastico
768 2335 893 2376 Petro
947 2339 987 2375 et
1026 2313 1250 2385 Apo-stolis
1295 2335 1537 2375 immediate
1577 2337 1733 2376 collata
1763 2335 1855 2385 fuit
1899 2348 1924 2374 a

122 2392 310 2441 Christo,
341 2403 418 2432 nec
447 2392 664 2434 Ecclesiae
693 2395 937 2434 immediate
969 2394 1133 2434 tradita
1164 2394 1251 2434 dici
1282 2396 1443 2444 potest,
1485 2391 1664 2444 perinde
1694 2407 1745 2434 ac
1773 2394 1813 2433 si
1843 2394 1922 2434 Pe-

159 2453 251 2491 trus
271 2455 314 2503 etr
333 2453 530 2502 Apostoli
551 2453 670 2493 illam
692 2454 935 2504 acceperint
955 2453 1007 2493 ab
1028 2451 1221 2492 Ecclesia
1245 2452 1385 2504 quoad
1407 2464 1565 2492 merum
1585 2452 1880 2493 ministerium.

253 2566 301 2617 1.
363 2534 676 2621 Jurisdictio
724 2563 1079 2618 Ecclesiastiea
1138 2584 1165 2616 a
1216 2562 1419 2617 Christo
1476 2566 1608 2618 ducit
1659 2564 1919 2635 originem,

118 2650 200 2718 qui
237 2650 442 2702 eandem
472 2647 528 2702 S.
555 2648 713 2703 Petro
758 2660 808 2703 et
843 2650 1104 2722 Apostolis
1139 2650 1420 2705 immediate
1464 2650 1691 2715 tradidit,
1730 2652 1920 2719 quando

117 2734 237 2804 ipsis
282 2753 381 2787 una
429 2752 535 2788 cum
583 2735 799 2789 clavibus
845 2737 991 2806 regni
1037 2735 1283 2788 coelorum
1343 2736 1474 2790 dedit
1516 2745 1812 2806 potestatem
1861 2736 1917 2788 li-

119 2819 267 2887 gandi
312 2828 460 2889 atque
505 2819 752 2885 Solvendi,
803 2839 927 2890 quae
974 2831 1197 2893 potestas
1243 2821 1369 2874 idem
1409 2831 1486 2874 est
1522 2839 1578 2874 ac
1605 2820 1915 2890 jurisdicti03

119 2918 177 2954 ac
221 2912 487 2973 propterea
520 2904 655 2956 'haec
698 2904 752 2956 in
802 2905 995 2975 origine
1032 2915 1110 2958 est
1138 2907 1268 2976 juris
1307 2906 1477 2961 divini.
1548 2903 1687 2957 Haec
1723 2905 1915 2974 quidem

118 2996 367 3056 potestaS,
406 3005 495 3040 seu
522 2988 800 3058 jurisdictio
838 2987 892 3042 S.
929 2988 1087 3042 Petro
1125 3000 1176 3043 et
1198 2991 1457 3062 Apostolis
1492 2990 1772 3044 immediate
1809 3001 1913 3044 tra-

117 3070 217 3123 dita
251 3071 344 3123 fuit
376 3071 430 3123 in
467 3073 856 3126 aedificationem
893 3083 944 3126 et
979 3075 1159 3126 bonum
1196 3074 1477 3140 Ecclesiae3
1516 3084 1570 3126 at
1604 3075 1788 3128 tradita
1825 3093 1913 3127 an-

117 3165 313 3224 tequam
351 3154 583 3210 Chri'stus
620 3157 672 3209 in
710 3159 896 3212 coelum
934 3161 1224 3233 ascenderet
1236 3193 1257 3226 ,-
1290 3171 1339 3213 et
1355 3159 1397 3226 ¹)
1435 3152 1699 3227 antequam
1739 3160 1798 3211 ab
1827 3159 1910 3212 iis-

187 3355 224 3410 ¹)
254 3360 320 3398 lta
361 3371 466 3415 sane·
497 3363 542 3403 S.
580 3362 807 3414 Cyprianus
848 3361 1031 3404 scribens
1062 3363 1104 3401 in
1135 3363 1256 3414 epist.
1287 3361 1359 3401 73.
1418 3358 1613 3402 Ecclesia
1642 3373 1730 3403 una
1761 3366 1844 3410 est,
1878 3367 1917 3403 et

120 3427 249 3467 super
287 3428 420 3458 unum
459 3421 532 3471 qui
572 3423 612 3460 et
643 3422 781 3462 claves
811 3418 902 3469 ejus
932 3421 1119 3473 accepit,
1162 3420 1332 3461 Domini
1369 3431 1468 3461 voce
1491 3420 1703 3470 fundata,
1750 3421 1914 3461 Petrum
