2326 3854
653 204 1297 259 -—--119———

72 379 383 434 revocantur‚
422 388 527 422 cum
566 368 792 421 nimirum
831 367 994 437 agitur
1029 368 1088 420 de
1121 367 1230 427 fide,
1266 365 1345 418 vel
1378 365 1437 416 de
1474 364 1754 428 schismate,
1791 366 1870 419 vel

71 456 129 507 de
164 454 516 507 reformatione
563 471 751 506 morum
803 453 1095 523 praesertim
1140 453 1194 504 in
1238 449 1414 521 capite.
1506 447 1802 520 Incipiamus
1840 468 1870 502 a

71 558 187 592 casu
212 539 577 592 reformationis
613 551 804 589 morum
841 537 1041 607 alicujus
1078 536 1209 589 unici
1233 534 1585 604 indubitatique
1609 532 1870 586 Pontificis

71 623 182 694 (ubi
218 625 347 676 enim
382 625 475 676 duo
520 622 687 685 simul,
741 622 820 675 vel
842 622 1031 693 jplures
1076 622 1134 673 de
1171 620 1495 682 pontificatu-,4
1516 620 1868 672 contendentes

72 728 128 761 ac
163 708 292 759 dubii
323 708 453 778 juris
477 705 748 757 Antistites
785 723 974 757 morum
1001 706 1353 758 reformatione
1387 705 1685 775 indigerent,
1723 722 1869 757 casus

69 793 338 864 pertineret
371 792 432 844 ad
468 790 705 853 schisma,
752 790 810 843 de
848 809 943 860 quo
981 800 1229 843 statuetur
1265 790 1311 857 §-
1351 790 1466 861 3.);
1514 800 1566 842 et
1600 789 1869 854 videamuS,

69 896 184 930 num
220 877 468 946 ¹generale
505 873 779 931 Concilium
795 914 810 938 ,
857 875 1051 928 unicum
1083 874 1524 944 indubitatumque
1558 874 1869 939 Pontificem,

68 963 110 1015 si
146 961 312 1033 pravis
348 960 563 1012 moribus
599 959 902 1012 scandalizet
924 959 1216 1025 Ecclesiam,
1253 960 1314 1012 ad
1344 961 1682 1012 reformandos
1706 977 1871 1012 mores

66 1048 150 1101 vel‘
178 1047 384 1099 invitum
422 1061 627 1114 cogere,
675 1054 726 1114 et
757 1045 932 1115 poenis
968 1044 1336 1106 Ecclesiasticis
1384 1046 1600 1115 plectere
1636 1063 1725 1116 pro
1755 1047 1870 1115 jure

67 1151 155 1185 suo
190 1130 364 1203 possit.
433 1129 598 1200 Hujus
643 1148 794 1195 casus
837 1129 1255 1198 ethuaestionis.
1285 1129 1463 1181 solutio
1511 1129 1871 1199 praemittenda

67 1227 167 1281 est,
222 1234 332 1270 cum
375 1214 659 1285 principium
715 1223 903 1266 certum
948 1215 1126 1284 exigat
1173 1213 1388 1267 dicendis
1435 1222 1610 1283 postea
1655 1214 1870 1277 maxime

66 1301 455 1363 necessarium-,2
470 1299 615 1368 quod.
637 1298 756 1352 hoc·
780 1299 843 1350 in*
869 1317 999 1352 casu·
1022 1298 1336 1370 paucioribus
1373 1298 1689 1359 ,constituere
1735 1298 1866 1350 licet.

66 1384 205 1439 Cum
225 1384 496 1446 Pontifex»,
531 1383 599 1434 -de
635 1401 732 1451 quo
769 1383 991 1453 agimuS,
1018 1388 1025 1397 ⁶
1037 1383 1208 1436 unicus
1247 1393 1314 1436 et,
1334 1392 1499 1436 certus
1536 1385 1604 1436 sit
1639 1402 1709 1437 ex
1746 1382 1869 1453 legi-

63 1470 184 1537 tima
212 1470 271 1522 'et
306 1467 579 1521 indubitata
598 1468 886 1533 electione,
933 1479 1100 1523 certus
1137 1479 1213 1522 est
1249 1468 1440 1539 pariter
1485 1471 1592 1539 ejus
1631 1468 1868 1538 primatus

63 1557 115 1608 iu
153 1555 432 1609 universam
467 1551 759 1615 Ecclesiam.
832 1553 928 1606 Hic
962 1564 1135 1606 autem*
1170 1555 1410 1624 primatus
1447 1554 1610 1608 divino
1639 1555 1754 1622 jure
1776 1551 1866 1604 -in-

65 1639 366 1691 stitutusob
403 1638 744 1690 continendam
782 1638 1214 1708 vindicandumque
1249 1639 1308 1691 in
1336 1648 1444 1703 tota
1478 1637 1705 1692 Ecclesia
1737 1656 1869 1690 com-

63 1723 310 1782 munionis
330 1736 404 1776 'ac
438 1723 548 1775 fidei
585 1722 848 1788 unitatem,
895 1723 1294 1793 jurisdictionem
1332 1724 1484 1787 divini
1521 1722 1708 1794 pariter
1737 1722 1868 1792 juris

62 1809 158 1878 ipsi
191 1807 435 1871 vindicat,
457 1825 568 1876 ¹qua
600 1825 700 1859 non
739 1809 895 1860 solum
932 1807 1244 1863 distributive
1280 1809 1533 1878 singulos,
1575 1808 1660 1861 sed
1697 1825 1868 1859 omnes

63 1893 208 1945 etiam
247 1893 499 1947 collective
520 1892 727 1966 obligat
741 1894 842 1947 tad.
877 1902 1134 1962 utramque
1169 1893 1436 1958 unitatem,
1486 1903 1542 1946 u't
1576 1894 1627 1946 in
1665 1911 1867 1963 praece-

62 1978 193 2030 denti
229 1995 383 2048 opere
424 1978 512 2028 De
547 1981 609 2028 vi·-
633 1985 688 2029 'et
720 1981 929 2030 ratione
950 2012 958 2047 3
966 1982 1232 2044 primatus
1249 1981 1388 2031 »fuse
1436 1980 1692 2048 'probatum
1711 2016 1725 2042 ,
1779 1995 1867 2029 seu

61 2062 221 2133 potius
247 2063 630 2114 demonstratum
668 2062 880 2115 videtur.
953 2060 1087 2119 Hinc
1119 2063 1247 2117 idem
1285 2063 1527 2117 Pontifex
1564 2064 1736 2115 eodem
1763 2060 1864 2132 pri-

62 2156 223 2199 matus
269 2149 384 2217 jure
433 2147 684 2217 'superior‘
715 2157 792 2200 est
843 2147 960 2200 toti>
988 2145 1244 2202 Ecclesiae
1311 2148 1568 2203 collective
1623 2156 1865 2217 sumptae,

60 2231 256 2300 vimque
293 2231 572 2286 coactivam.
599 2232 959 2296 habere-<debet
981 2233 1046 2285 -in
1083 2252 1257 2288 omues
1293 2235 1575 2297 collective,
1625 2232 1733 2285 sine
1766 2250 1865 2300 qua

60 2316 278 2368 intentus
314 2328 345 2367 a
369 2312 573 2369 Christo
609 2316 814 2368 unitatis
837 2317 950 2370 finis
975 2316 1188 2370 obtineri
1206 2336 1323 2370 -non
1347 2328 1543 2389 posset3
1582 2336 1640 2370 ac
1665 2317 1865 2387 proinde

61 2400 286 2472 superior
321 2408 530 2471 quoque<
549 2412 627 2454 est
656 2402 885 2472 ,generali
922 2399 1173 2466 Concilio,
1203 2422 1320 2472 quo
1368 2403 1463 2459 etsi
1498 2412 1652 2455 totam
1690 2399 1891 2458 Eccle-,

60 2486 189 2538 siam
220 2496 594 2556 repraesentet,
624 2505 723 2538 non
758 2495 925 2541 tamen
962 2474 1140 2558 majori
1177 2507 1320 2557 quam
1356 2488 1464 2559 ipsa
1498 2486 1727 2543 Ecclesia
1763 2486 1864 2558 pri-

59 2570 238 2640 vilegio
286 2571 579 2642 praeditum*
615 2589 644 2622 a
689 2569 951 2625 Pontificio
990 2574 1134 2642 jure,
1195 2574 1273 2626 cui
1327 2583 1434 2629 tota
1477 2571 1703 2625 Ecclesia
1749 2571 1864 2632 sub-

53 2656 239 2726 jicitur,
269 2665 557 2727 'exemptum
593 2655 686 2708 dici
709 2664 890 2727 potest.
938 2656 1207 2711 ·Pontifex
1243 2657 1413 2727 igitur,
1452 2659 1647 2710 ratione
1683 2656 1862 2727 prim-a-

58 2750 150 2791 tus⁴
175 2740 379 2793 concilio
404 2757 607 2808 quoque
642 2743 868 2808 generali
905 2744 1163 2814 superior,
1195 2744 1349 2813 -hujus
1379 2742 1712 2814 jurisdictioni
1748 2743 1863 2813 sub-

61 2831 171 2876 esse
217 2842 317 2876 non
368 2832 549 2894 potest⁴
622 2823 748 2878 Esto
772 2826 847 2878 ‘in
890 2829 1118 2898 quopiam
1161 2827 1371 2881 Summo
1402 2827 1645 2881 Pontifice
1694 2837 1865 2880 essent

60 2909 301 2961 scandala·
325 2925 534 2971 morum,
571 2923 699 2976 quae
723 2910 1122 2966 reformationem
1146 2913 1446 2982 exigerent3
1485 2931 1601 2966 num
1629 2912 1863 2965 scandala

59 3003 110 3046 et
144 2993 284 3063 pravi
319 3011 483 3046 mores
521 2991 814 3047 Pontificum
858 2996 917 3049 in·
954 2998 1077 3068 ipsis
1114 2997 1363 3064 adimunt,
1410 2982 1536 3066 iluod
1581 2997 1756 3059 iisdem
1793 3014 1863 3049 ex

60 3162 420 3225 stituit‘irNum
449 3163 841 3235 jurisdictionem
879 3168 1163 3221 coactivam-
1181 3167 1388 3222 *injllos
1408 3167 1644 3219 tribuere
1681 3176 1865 3234 queunt

58 3247 299 3311 inferiori,
317 3249 411 3301 2cui
427 3290 430 3293 -
446 3249 513 3305 in.
534 3252 839 3320 superiorem
876 3260 1015 3304 suum
1049 3248 1222 3320 nequit
1256 3251 1522 3310 convenire
1535 3252 1564 3302 ’Β
1597 3248 1656 3302 Si
1679 3250 1728 3302 in
1757 3251 1864 3319 qui-

59 3332 357 3400 buscunque·
376 3335 760 3405 corruptissimis
797 3334 1080 3408 Principum
1133 3335 1350 3389 moribus
1397 3334 1751 3395 reformatione
1785 3334 1863 3387 in-

60 3415 338 3485 digentibus
371 3408 645 3473 adversm-ii
681 3420 950 3475 coactivum
983 3423 1067 3492 jus
1097 3439 1279 3475 eorum.
1305 3420 1512 3475 subditis
1548 3440 1648 3479 non
1685 3439 1861 3474 conce-
