2326 3854
953 121 1616 180 ——156—-—

360 293 423 343 ad
461 290 583 346 Cor.
624 311 668 345 c.
710 293 760 346 7.
803 294 895 344 ubi
931 309 1070 360 quae
1091 292 1244 361 juris
1283 292 1454 342 divini
1492 297 1643 354 sunt,
1684 290 1766 343 his
1805 294 1976 346 verbis
2014 295 2211 347 tradit.-

363 380 688 448 Praecipio,
735 398 843 430 non
891 396 1022 446 eqo,
1071 377 1170 429 sed
1217 376 1514 438 Dominus-3
1563 395 1702 446 quae
1759 384 1936 430 autem
1976 384 2212 450 proprio

358 467 588 519 arbitrio
627 468 827 530 tradit,
877 464 979 516 Ιιαι·
1010 465 1259 533 formula
1299 468 1621 534 praefatur:
1679 464 1886 517 Ceteris
1938 485 2036 535 eqo
2073 469 2214 530 dieo,
2253 465 2265 470 “

362 562 459 607 etc.
538 550 684 619 Quae
734 568 874 603 mero
912 559 1183 622 praecepto
1222 550 1523 623 Apostolico
1562 559 1681 603 sunt
1716 550 2050 623 praescripta,
2087 551 2217 606 sicut
2316 549 2318 551 ’

360 635 739 712 dispensationi,
777 637 851 690 ita
890 646 942 690 et
962 637 1224 690 mutationi
1243 639 1472 692 obnoxia
1503 655 1618 692 esse
1654 648 1860 708 queunt.
1916 636 2057 692 Inter
2094 638 2217 693 baec

360 724 679 779 referendum
706 725 929 778 creditur
966 724 1085 777 illud
1124 724 1379 778 decretum
1417 725 1472 778 in
1508 724 1981 798 Hierosolymitana
2019 725 2215 799 synodo

361 812 495 864 circa
515 810 728 865 vetitum
757 829 903 864 usum
925 810 1188 882 sanguinis
1226 822 1279 865 et
1315 812 1564 878 suffocati,
1602 813 1732 883 quod
1753 832 1845 885 pro
1884 812 1983 866 illis
2003 812 2216 867 circum-

361 898 564 953 stantiis
601 898 976 964 necessarium,
1015 898 1223 952 mutatis
1261 897 1658 953 circumstantiis
1691 901 1799 971 jam
1837 899 2105 956 obsolevit.

505 986 557 1039 3.
634 984 785 1040 Licet
830 986 886 1039 in
934 985 1150 1041 materia
1196 986 1519 1058 disciplinae,
1564 968 1700 1057 'quae
1735 985 1978 1042 varietati
2025 987 2217 1052 subest,

361 1092 462 1126 non
499 1073 573 1127 ita
609 1073 677 1127 sit
713 1072 1006 1132 necessaria
1043 1071 1262 1126 omnium
1286 1071 1652 1140 Ecclesiarum,
1689 1073 2012 1144 omniumque
2033 1074 2220 1142 ‘catho-

359 1159 786 1216 licae-«Ecclesiae
822 1158 1190 1234 Episcoporum
1236 1159 1407 1214 unitas
1455 1179 1566 1214 cum
1617 1161 1736 1219 sede
1771 1159 2102 1234 Apostolica,
2146 1161 2222 1213 uti

359 1266 474 1302 cum
529 1267 590 1303 ea
639 1248 845 1302 omnino
895 1245 1046 1322 (Sup.
1086 1266 1130 1302 c.
1175 1246 1261 1320 l.)
1309 1248 1606 1302 necessaria
1654 1258 1735 1302 est
1781 1248 1951 1303 unitas
1998 1247 2221 1302 omnium

360 1335 415 1388 in
451 1335 671 1390 materia
707 1334 821 1388 fidei
857 1344 911 1388 et
946 1333 1343 1400 communionis,
1395 1353 1523 1406 quae
1544 1334 1731 1390 ‘divino
1760 1337 1880 1408 jure
1925 1335 2220 1389 immutabili

361 1421 675 1494 praescripta
724 1430 805 1475 est
851 1420 1054 1475 ratione
1102 1421 1374 1494 primatus3
1415 1422 1495 1475 rob
1553 1421 1767 1483 unitatis
1813 1432 1997 1478 tamen
2034 1424 2220 1478 bonum

362 1507 658 1563 necessaria
695 1517 776 1562 est
812 1508 1032 1562 omnium
1057 1507 1356 1563 inferiorum
1386 1517 1701 1582 potestatum
1725 1506 2220 1576 Ecclesiasticarum‚

363 1606 415 1650 et
450 1594 819 1669 Episcoporum
855 1595 1079 1650 omnium
1123 1596 1473 1650 subordinatio
1512 1593 1720 1650 Summo
1756 1595 2073 1652 Hierarchae
2111 1596 2220 1652 Ro-

363 1703 514 1744 mano
551 1683 809 1738 Pontifici.
885 1685 944 1737 In
979 1703 1083 1738 una
1119 1684 1318 1755 quidem
1355 1681 1589 1738 Ecclesia
1625 1684 1919 1757 particulari
1965 1685 2062 1738 duo
2098 1682 2222 1757 Epi-

363 1771 505 1845 scopi
554 1781 812 1846 potestate
860 1790 1010 1845 pares
1057 1790 1174 1826 esse
1220 1790 1325 1825 non
1361 1781 1617 1845 possunt,
1654 1772 1774 1843 quin
1822 1772 2222 1828 dissensionibus

364 1859 526 1913 aditus
564 1870 764 1932 pateat,
803 1869 856 1914 et
891 1859 1079 1913 unitati
1111 1858 1388 1932 periculum
1433 1877 1504 1913 ex
1561 1859 1865 1930 aequalitate
1904 1860 2092 1933 jurium
2129 1859 2222 1913 im-

364 1935 550 2018 pendat
560 1966 578 2008 ,·
617 1947 707 2000 sed
742 1964 874 2000 unus
910 1945 985 1999 ita
1019 1965 1262 2018 praeesse
1299 1948 1448 2000 debet
1483 1947 1761 2014 omnibuS,
1781 1958 1838 2001 ut
1875 1948 2002 2002 alius
2040 1947 2221 2018 quiviS‚

366 2033 565 2087 etiamsi
599 2031 952 2106 Episcopalem
1002 2033 1438 2088 consecrationem
1493 2036 1778 2106 praeferat,
1823 2034 1878 2088 in
1908 2037 2025 2108 jure
2062 2034 2221 2089 eidem

365 2121 557 2175 credito
594 2139 711 2175 esse
749 2122 928 2175 debeat
962 2121 1338 2175 subordinatus.
1415 2117 1592 2189 Quare
1629 2121 1683 2175 in
1719 2120 1952 2176 Nicaeno
1991 2120 2222 2178 Concilio

366 2218 566 2263 cautum
603 2208 713 2275 fuit,
753 2219 810 2262 ut
846 2208 892 2262 si
929 2205 1143 2263 Cathari
1179 2227 1272 2263 seu
1296 2208 1579 2264 Novatiani
1601 2207 1843 2282 Episcopi
1878 2210 1941 2263 ad
1976 2210 2222 2264 unitatem

366 2296 636 2350 redeuntes
672 2295 947 2368 recipiendi
998 2306 1200 2362 essent,
1250 2297 1336 2350 ubi
1371 2295 1691 2354 inveniretur
1726 2294 2010 2369 Episcopus
2047 2297 2221 2350 catho-

365 2383 518 2450 licus,
556 2402 660 2438 non
697 2383 1087 2438 admitterentur
1124 2402 1237 2438 cum
1272 2384 1448 2438 eadem
1484 2382 1820 2456 Episcopatus
1851 2384 2222 2457 jurisdictione,

366 2472 456 2525 sed
492 2471 546 2524 in
596 2472 757 2543 gradu
793 2470 1131 2544 presbyterii,
1182 2491 1250 2525 nc
1294 2475 1351 2525 in
1399 2492 1512 2526 una
1559 2476 1774 2526 civitate
1812 2475 1920 2526 duo
1957 2473 2225 2542 spise-opi

368 2578 483 2612 esse
518 2562 848 2622 viderentur,
885 2560 1018 2630 quod
1052 2559 1265 2612 unitatis
1302 2560 1438 2612 bono
1474 2568 1738 2630 repugnat.
1813 2556 2059 2612 Similiter
2097 2569 2221 2629 ergo

368 2644 421 2698 in
475 2645 757 2700 universali
807 2645 1042 2701 Ecclesia
1094 2645 1193 2698 duo
1231 2645 1454 2715 aequalis
1503 2644 1709 2699 omnino
1758 2644 1891 2716 juris
1938 2643 2219 2714 Pontifices

368 2751 483 2787 esse
532 2742 819 2804 nequeunt,
875 2734 964 2787 sed
1017 2751 1146 2786 unus
1201 2751 1452 2805 praeesse,
1500 2734 1647 2786 debet
1700 2732 1928 2785 omnibus
1983 2731 2224 2805 peculiari

360 2820 731 2893 jurisdictione,
771 2821 852 2874 cui
889 2839 1066 2874 omnes
1092 2821 1195 2874 sint
1231 2820 1545 2874 subordinati
1579 2820 1634 2874 in
1658 2818 1922 2875 Ecclesiae
1958 2820 2222 2892 regimine,

369 2926 429 2962 ac
465 2907 520 2961 in
556 2907 668 2980 ipsa
704 2908 919 2962 materia
957 2908 1278 2981 disciplinae,
1318 2928 1382 2962 ne
1420 2909 1516 2962 hac
1553 2907 1969 2962 subordinatione
2005 2908 2221 2973 sublata,

369 2996 713 3051 scissurarum
740 2996 964 3068 pericula
999 2996 1321 3069 impendant,
1370 3014 1500 3067 quae
1547 2995 1745 3049 facilem
1790 2993 2002 3048 unitatis
2038 2993 2222 3048 discin-

369 3084 560 3139 dendae
605 3084 924 3138 occasionem
968 3084 1229 3137 afferrent.
1324 3081 1423 3138 Cui
1473 3092 1642 3137 autem
1693 3083 1816 3136 haec
1873 3080 2219 3134 subordinatio

371 3173 434 3226 ab
473 3173 705 3226 omnibus
742 3172 1053 3244 praestanda
1091 3182 1199 3237 est,
1253 3170 1353 3234 nisi
1389 3171 1492 3237 illi,
1541 3171 1621 3224 cui
1657 3187 1727 3223 ex
1764 3187 1920 3224 verae
1958 3178 2009 3221 et
2046 3187 2220 3240 perso-

371 3260 501 3314 nalis
540 3258 909 3333 jurisdictionis
961 3260 1176 3331 primatu
1223 3258 1435 3312 unitatis
1486 3257 1540 3310 in
1589 3266 1711 3310 tota'
1733 3255 1966 3310 Ecclesia
2013 3274 2219 3309 conser-

373 3348 570 3402 vandae
618 3347 841 3401 officiumv
885 3366 996 3400 cum
1051 3346 1232 3400 idonea
1278 3346 1331 3401 in
1380 3346 1431 3398 id
1454 3353 1732 3421 potestate
1769 3362 1799 3397 a
1838 3342 2046 3398 Christo
2085 3361 2217 3397 com-

371 3434 579 3488 missum
615 3434 741 3487 fuit?
816 3433 1000 3504 Neque
1048 3434 1100 3488 in
1148 3435 1242 3488 hoc
1290 3426 1575 3505 repugnare
1625 3440 1792 3504 potest
1822 3430 2112 3486 ⁴Febronius
2149 3449 2219 3485 ex
