2326 3854
1009 333 1426 451 CAPUT
1490 378 1619 451 lv.

382 539 463 584 De
495 540 773 586 canonibus
805 536 1114 598 disciplinae
1156 542 1211 584 in
1238 538 1476 599 qeneralz‘
1504 539 1719 585 concilio
1753 534 1928 595 editis,
1975 545 2068 601 qui
2097 535 2231 589 Pon-

706 597 863 655 tificio
895 611 1141 644 consensu
1172 614 1261 644 seu
1294 598 1686 657 confirmatione
1717 607 1910 647 carent.

1240 717 1294 784 ε’
1334 716 1356 769 1

385 826 577 866 (fanones
611 820 822 872 ejusmodi
852 833 941 864 non
975 823 1210 875 approbati
1244 822 1506 864 auctoritate
1535 826 1693 865 summi
1729 823 1948 875 Ροηίξήεὶε
1978 826 2124 877 ipsum
2144 835 2234 867 non

1123 887 1128 889 ’
1207 882 1417 933 obligant.
1781 928 1787 930 .
1824 904 1827 906 ·

527 972 578 1024 l.
654 968 915 1042 Expedita
961 969 1287 1041 praecedeuti
1332 968 1495 1041 capite
1543 970 1707 1042 prima
1743 970 2054 1041 quaestionis
2091 981 2234 1044 parte

378 1060 439 1113 de
476 1057 766 1130 disciplinae
804 1056 1078 1125 canonibus
1115 1057 1168 1109 in
1207 1057 1434 1128 generali
1473 1058 1684 1112 concilio
1723 1057 1887 1124 editis,
1926 1076 2051 1129 quos
2094 1058 2236 1132 Ap0÷

379 1147 589 1201 stolicae
638 1144 772 1199 sedis
828 1144 1062 1217 probavit
1109 1143 1419 1210 auctoritaS‚
1487 1163 1619 1199 nunc
1669 1146 1924 1217 agendum
1969 1146 2029 1200 de
2074 1147 2235 1202 altera

378 1245 525 1308 parte
561 1233 724 1305 quoad
761 1250 851 1286 eos
890 1231 1082 1286 scilicet
1118 1232 1433 1303 generalium
1473 1232 1800 1290 conciliormn
1839 1252 2090 1305 canoneS,
2128 1234 2236 1305 qui-

378 1325 472 1376 bus
523 1321 702 1376 summi
745 1318 1019 1373 *Pontificis
1063 1337 1302 1372 assensus
1363 1329 1450 1372 aut
1498 1321 1814 1387 confirmatio
1862 1322 2033 1376 defuit.
2127 1321 2237 1375 Hos
2318 1375 2326 1380 ,

379 1420 546 1464 autem
592 1427 696 1462 non
744 1406 970 1478 obligare
1024 1406 1193 1478 ipsum·
1234 1405 1536 1461 Pontificem
1586 1427 1732 1462 nemo
1773 1411 1888 1481 jure
1934 1411 2137 1466 vocabit
2183 1409 2237 1462 in

380 1497 605 1563 dubium,
645 1496 687 1550 si
727 1494 971 1548 memoria
991 1494 1199 1548 >recolat
1237 1495 1484 1549 celebrem
1521 1514 1767 1550 canonem
1803 1515 1896 1568 pro
1935 1495 2235 1565 Constanti-

381 1585 706 1658 nopolitanae
754 1582 890 1636 sedis
949 1582 1307 1653 praerogativa
1340 1580 1677 1636 ⁴>Chalcedone
1729 1583 2091 1650 constitutum,
2153 1585 2238 1658 qui

380 1673 572 1727 tamdiu
620 1689 710 1744 per
748 1684 806 1723 se
851 1668 1028 1722 irritus
1065 1673 1127 1722 et
1152 1668 1320 1722 inanis
1358 1668 1477 1735 fuit,
1522 1670 1759 1741 quamdiu
1798 1669 2065 1726 Romanae
2103 1672 2238 1726 sedis

382 1759 546 1815 caruit
582 1774 813 1812 assensu.
889 1755 948 1810 S.
987 1755 1100 1811 Leo
1149 1756 1346 1827 quidem
1385 1758 1508 1811 adeo
1561 1776 1617 1812 se
1665 1777 1725 1812 eo
1773 1744 1969 1813 canone
2006 1774 2110 1813 non
2148 1759 2238 1814 ob-

382 1846 530 1918 ligari
580 1845 815 1911 credidit,
864 1854 920 1897 ut
976 1844 1137 1899 eidem
1187 1846 1482 1917 repugnarit
1530 1846 1796 1900 acerrime.
1871 1845 2055 1918 Neque
2101 1847 2238 1902 dicas

383 1934 602 2004 eundem:
642 1947 886 1987 canonem
933 1933 1084 1986 etiam
1133 1932 1512 1986 contradicente
1559 1932 1617 1987 S.
1658 1931 1836 1987 Leune
1883 1934 2113 1988 effectum
2149 1935 2239 1988 oh·

381 2021 617 2076 tinuisse.
706 2019 938 2073 Obtinuit
987 2037 1112 2073 sane
1159 2019 1212 2072 in
1251 2018 1494 2086 Oriente,
1545 2020 1787 2086 obtinuit,
1839 2022 1928 2075 sed
1975 2023 2135 2090 facto,
2187 2031 2239 2076 et

383 2108 615 2166 cessione
651 2118 802 2179 atque
840 2109 1055 2162 assensu
1102 2102 1304 2173 eorum,
1355 2126 1566 2179 quorum
1602 2107 1880 2175 intererat5
1930 2127 2033 2163 non
2073 2118 2238 2163 autem

376 2204 494 2272 jure
530 2196 764 2266 obtinuit5
801 2196 873 2250 ita
911 2206 967 2249 ut
993 2194 1345 2250 occidentales
1382 2205 1470 2249 aut
1495 2193 1786 2249 Orientales
1822 2195 1962 2268 ipsos
2001 2206 2237 2268 cogeret3

383 2284 538 2340 multo
576 2295 742 2339 autem
781 2285 965 2351 minus,
1003 2294 1059 2336 ut
1096 2290 1306 2355 cogeret
1331 2280 1390 2336 S.
1418 2281 1667 2348 Leonem,
1707 2283 1791 2354 qui
1829 2284 1892 2338 ab
1929 2283 2238 2338 adversariis

385 2390 584 2446 quoque
632 2373 860 2426 laud-atur
906 2373 970 2426 ob
1018 2372 1182 2425 zelum
1211 2394 1214 2396 ’
1239 2379 1389 2442 atque
1453 2371 1818 2437 constantiam}
1876 2378 1977 2442 qua
2029 2371 2236 2426 restitit.

384 2461 566 2532 Neque
602 2478 726 2515 vero
766 2478 825 2514 eo
866 2461 975 2513 solo
1014 2460 1218 2513 nomine
1254 2459 1302 2512 ei
1340 2458 1524 2513 canoni
1560 2460 1724 2531 potuit
1760 2471 2071 2531 repugnare,
2123 2447 2239 2530 quia

384 2549 644 2604 Nicaenos
702 2562 931 2602 canones·
977 2546 1278 2618 impetebat,
1346 2546 1729 2620 verumetiam
1788 2547 1909 2616 quia
1965 2564 2140 2600 canon
2185 2546 2239 2598 in

384 2652 680 2708 quacunque
712 2633 1124 2704 frequentissima
1157 2633 1356 2706 synodo
1395 2632 1575 2699 editus,
1612 2633 1777 2703 quoad
1813 2633 1945 2686 desit
1970 2631 2240 2687 Pontificia

385 2723 710 2799 approbatio,
759 2720 1113 2776 oecumenicae
1151 2721 1337 2793 synodi
1373 2738 1545 2774 canon
1578 2739 1672 2774 nec
1709 2729 1814 2785 est,
1857 2724 1959 2774 'nec
1997 2720 2238 2793 appellari

387 2823 572 2885 potest.
651 2809 780 2866 Cum
817 2807 1127 2882 generalium
1176 2807 1501 2862 conciliorum
1549 2809 1619 2861 sit
1673 2807 1897 2878 aequalis
1945 2807 2237 2876 auctoritem,

385 2901 448 2953 in·
477 2896 629 2955 rebus
667 2907 835 2951 autem
872 2895 1182 2968 disciplinae,
1221 2912 1349 2967 quae
1369 2896 1610 2951 varietati
1647 2889 1766 2949 sunt
1802 2881 2075 2962 obnoxiae,
2115 2911 2239 2967 syn-

387 2989 545 3056 odus,·
582 3005 712 3057 quae
747 3004 871 3040 vere
908 2984 977 3038 sit
1012 2984 1314 3056 generaliS,‚
1348 2985 1600 3056 abrogare
1637 2983 1800 3056 possit
1836 2993 1987 3053 atque
2025 2992 2237 3047 mutare,

389 3076 519 3146 quod
554 3074 608 3126 in
648 3073 747 3127 alia
772 3071 1001 3144 generali
1039 3072 1234 3143 synodo
1263 3081 1508 3124 statutum
1534 3071 1654 3138 {uit3
1694 3089 1782 3124 cur
1809 3067 2238 3124 Chalcedonensis

387 3163 440 3214 in
478 3162 667 3216 edendo
707 3178 899 3214 canone
937 3178 1028 3231 pro
1067 3157 1663 3231 Constantinopolitanae
1705 3156 1842 3210 sedis
1882 3157 2240 3229 praerogativa

388 3249 633 3303 Nicaenis
671 3245 950 3301 canonibus
975 3248 1239 3320 'derogare
1287 3264 1390 3299 non
1435 3244 1625 3317 potuit,
1675 3240 1775 3296 nisi
1813 3243 1928 3313 quia
1966 3243 2017 3297 hi
2054 3244 2236 3314 confir-

389 3337 511 3388 mati
549 3356 576 3389 a
618 3334 853 3388 Romana
891 3335 1009 3388 sede
1046 3333 1255 3405 infringi
1302 3351 1405 3386 non
1442 3341 1687 3404 poterant·
1713 3328 2115 3385 Chalcedonensi
2151 3330 2237 3383 de-

391 3431 578 3486 cretos
625 3421 754 3491 quod
810 3421 1030 3491 ejusdem
1090 3421 1222 3473 sedis
1287 3418 1695 3492 approbationem
1755 3436 1856 3470 non
1913 3417 2236 3471 obtinuerat?
