2326 3854
723 230 889 239 ..-.-
982 196 1323 251 99.-.-

125 366 321 420 dictioni
362 374 726 436 repugnailtes3
774 372 824 415 et
873 380 984 414 num
1022 361 1080 413 de
1117 359 1247 411 illius
1295 356 1534 421 electione
1572 372 1642 407 -ac
1683 358 1799 426 jure
1836 355 1926 406 mi-

125 470 274 504 nores
312 451 616 504 difficultates
646 448 775 520 juris
814 457 864 500 et
911 445 1028 499 facti
1064 445 1294 514 vigerent
1336 451 1448 513 post
1485 439 1723 492 Pisanam
1773 459 1928 512 syno-

126 539 236 588 dum
291 554 348 589 ac
404 545 546 588 erant
597 521 734 600 illae,
802 550 926 601 quae
987 531 1272 582 obtinebant
1333 537 1449 580 ante
1505 525 1709 578 eandem
1771 543 1926 595 syno—

127 623 237 673 dum
283 622 335 673 in
382 638 529 674 causa
571 616 827 670 Benedicti
864 613 1007 666 XIII.
1060 625 1111 667 et
1158 612 1391 684 Gregorii
1426 611 1545 663 XII.
1619 609 1753 663 Num
1794 609 1929 664 Con-

128 706 401 758 stantiense
438 703 711 766 concilium,
750 702 876 769 quod
913 700 1056 752 initio
1078 717 1150 769 9⁰
1185 708 1406 769 tempore
1443 697 1716 749 sessionum
1749 696 1840 750 IV.
1881 707 1929 750 et

127 790 191 845 V.
244 809 311 843 ex
360 791 466 842 sola
510 786 720 841 Joannis
762 782 960 837 XXIII.
1010 783 1290 837 obedientia
1349 783 1632 846 constabat,
1686 782 1834 834 fuerit
1882 793 1931 835 et

127 876 395 927 habendum
419 874 496 925 rsit
529 891 651 926 vere
687 873 1051 924 oecumenicum
1095 869 1379 922 universam
1416 866 1689 920 Ecclesiam
1730 886 1930 939 reprae-

127 969 357 1023 sentanS,
407 960 592 1010 duabus
639 957 749 1009 aliis
787 956 1077 1009 obedientiis
1114 954 1474 1016 deficientibus,
1523 970 1648 1021 quae
1683 962 1802 1006 tunc
1840 973 1931 1007 nec

127 1044 495 1108 schismaticae,
554 1061 712 1111 neque
760 1061 788 1093 a
838 1041 1078 1094 catholica
1125 1037 1350 1110 Ecclesia
1398 1038 1599 1091 avulsae
1645 1040 1930 1107 probantur,

126 1147 219 1182 nec
249 1128 450 1199 probari
488 1129 704 1196 queunt?
751 1125 885 1177 Num
923 1127 1121 1178 decreta
1159 1123 1423 1176 earundem
1461 1120 1736 1173 sessionum
1756 1161 1770 1187 ,
1809 1143 1933 1193 quae

128 1234 157 1266 a
195 1214 300 1265 sola
335 1212 546 1267 Joannis
571 1209 770 1263 XXIII.
810 1208 1086 1262 obedientia
1114 1207 1414 1279 prodierunt,
1453 1206 1701 1275 generalis
1739 1209 1930 1260 concilii

126 1298 224 1352 vim
263 1307 313 1350 et
349 1315 523 1349 nomen
553 1298 666 1366 jure
700 1294 892 1366 possint
926 1294 1178 1358 obtinere,
1216 1311 1323 1345 cum
1364 1290 1510 1343 editio
1547 1291 1765 1362 ipsorum
1805 1295 1933 1347 sacta

128 1382 273 1434 fuerit
308 1382 476 1434 eodem
514 1379 709 1435 Joanne
745 1397 844 1431 non
883 1379 1037 1431 solum
1074 1396 1166 1430 nec
1199 1396 1288 1448 per
1325 1395 1406 1440 se,
1457 1394 1549 1428 nec
1584 1396 1672 1446 per
1707 1376 1933 1448 Legatos

126 1467 464 1538 praesidente,
517 1467 601 1518 sed
650 1466 808 1536 palam
856 1473 1197 1535 repugnante3
1249 1481 1307 1514 ac
1355 1471 1616 1536 praeterea
1665 1462 1717 1513 in
1762 1464 1933 1517 iisdem

127 1552 340 1605 ferendis
393 1553 649 1604 exclusum
696 1550 845 1602 fuerit
877 1549 919 1615 ι)
970 1548 1257 1618 suffragium
1319 1545 1530 1617 Collegii
1581 1544 1934 1614 Cardinalium,

129 1639 256 1707 quod
316 1638 518 1689 absente
566 1633 809 1687 Pontifice
868 1633 1146 1686 Romanam
1193 1632 1469 1686 Ecclesiam
1528 1632 1688 1701 aliqua
1737 1634 1932 1688 ratione

129 1722 504 1794 repraesentat?
541 1717 675 1771 Num
715 1720 773 1771 de
807 1718 978 1771 iisdem
1017 1719 1226 1772 decretis
1263 1717 1411 1770 fuerit
1447 1735 1535 1788 pro
1574 1718 1648 1770 rei
1684 1720 1936 1788 gravitate

130 1826 187 1860 ac
223 1807 502 1859 difficultate
538 1814 731 1857 mature
768 1804 1105 1868 deliberatum,
1143 1815 1207 1855 an
1231 1803 1392 1875 potius
1431 1813 1618 1855 temere
1656 1814 1706 1856 et
1742 1806 1933 1875 praeci-

128 1893 368 1964 pitanter,
418 1890 643 1960 neglecto
690 1889 742 1941 in
789 1907 844 1942 re
892 1898 995 1941 tam
1044 1907 1173 1941 nova
1221 1898 1454 1941 accurato
1501 1889 1733 1942 examine
1781 1908 1935 1960 eaque

130 1975 381 2030 conciliari
436 1975 739 2027 discussione
761 2013 774 2039 ,
831 1979 976 2042 quam
1032 1971 1325 2026 Cardinales
1381 1975 1655 2044 petierant,
1714 1994 1934 2046 quaeque

128 2071 299 2133 postea
335 2078 486 2114 causa
520 2059 744 2112 Wicleffi
782 2069 831 2112 et
867 2058 974 2110 Hus
1010 2069 1192 2129 negata
1229 2059 1340 2111 istis
1388 2078 1486 2111 non
1525 2061 1647 2111 fuit?
1724 2058 1854 2127 Quid
1892 2062 1935 2113 si

128 2140 324 2218 praefer
377 2145 472 2197 alia
521 2145 671 2197 multa
717 2144 1014 2214 irregularia
1062 2143 1436 2196 considerentur
1483 2165 1570 2210 ea,
1620 2165 1744 2215 quae
1781 2146 1939 2202 Joan-

131 2249 218 2283 nes
253 2226 449 2280 XXIII.
499 2230 671 2282 iisdem
708 2229 866 2299 gestis
911 2229 1091 2299 objecit
1138 2230 1190 2280 in
1237 2231 1416 2283 litteris
1467 2230 1564 2301 (T.
1611 2234 1690 2285 16.
1744 2230 1935 2286 Concil.

132 2316 222 2367 col.
260 2315 382 2367 805.
431 2323 481 2367 et
515 2313 682 2383 seqq.)
733 2315 791 2365 ad
831 2313 1018 2366 Ducem
1065 2314 1476 2368 Aurelianensem
1527 2316 1937 2370 et‘Academiam

132 2398 486 2463 parisiensem,
523 2399 604 2450 ubi
641 2399 896 2467 queritur,
935 2396 1348 2453 Constantienses
1384 2399 1567 2452 Patres
1606 2403 1664 2453 ad
1702 2403 1939 2472 suffragia

132 2486 332 2536 ferenda
368 2483 519 2537 fuisse
557 2478 843 2536 distributos
877 2483 923 2551 2)
976 2484 1029 2536 in
1078 2494 1290 2553 quatuor
1337 2486 1592 2551 nationeS,
1641 2505 1824 2556 easque
1861 2488 1938 2539 in-

132 2571 384 2639 aequales3
432 2569 666 2639 suffragia
711 2587 832 2622 vero
881 2587 981 2621 non
1018 2570 1331 2642 singillatim,
1382 2580 1432 2623 et
1476 2590 1565 2642 per
1613 2572 1801 2643 capita,
1853 2575 1938 2625 sed

257 2779 293 2832 ¹)
326 2784 388 2823 Ob
419 2783 618 2823 defectum
650 2785 835 2824 distincti
868 2784 1048 2835 suffragii
1079 2786 1255 2836 Collegii
1286 2786 1563 2826 cardinalium
1594 2786 1765 2826 decreta
1793 2786 1937 2838 synodi

139 2841 430 2881 Conciliariter
457 2841 569 2880 facta
609 2853 690 2880 non
721 2843 995 2882 credebantur
1031 2856 1057 2882 a
1089 2845 1246 2892 multis,
1291 2848 1335 2884 ut
1369 2846 1530 2884 notavit
1559 2857 1663 2883 unus
1695 2859 1717 2884 c
1747 2846 1937 2884 Patribus

136 2900 364 2939 cardinalis
397 2898 447 2937 de
477 2899 633 2938 Antaeo
665 2900 706 2938 in
737 2900 935 2939 Tractatu
971 2903 1029 2940 ne
1059 2906 1265 2951 potestate
1296 2903 1617 2950 Ecclesiastico,
1660 2904 1727 2953 qui
1758 2904 1799 2942 in
1830 2905 1937 2942 Con-

136 2959 352 2997 stantiensi
385 2958 520 2996 editus
562 2961 604 2996 et
634 2958 906 2999 Cardinalium
937 2960 1100 2998 nomine
1131 2962 1301 3000 Caesari
1348 2975 1398 3000 ac
1437 2963 1594 3012 synodo
1638 2962 1799 3000 oblatus
1840 2962 1933 3001 fuit:

138 3015 404 3063 Deliae-ratim
438 3018 608 3056 exclusa
639 3016 936 3058 deliberatione
967 3018 1071 3058 dicti
1097 3019 1283 3068 Collegiz‘,
1318 3023 1358 3059 et
1387 3031 1470 3058 non
1495 3021 1619 3069 facta'
1649 3021 1695 3060 in
1727 3021 1938 3060 communi

135 3075 316 3115 sessione
346 3075 567 3115 collatione
595 3077 808 3122 votorum,
848 3076 1015 3116 videtur
1043 3077 1188 3117 multis
1216 3089 1302 3117 non
1333 3091 1420 3117 esse
1451 3079 1671 3118 censendae
1692 3079 1936 3119 deliberatio

140 3132 612 3186 CONCILIARITER
634 3134 770 3183 facta.
832 3135 1078 3185 Sum-agium
1109 3136 1284 3186 Collegii
1315 3137 1591 3175 Cardinalium
1634 3137 1762 3175 fuisse
1794 3138 1934 3175 exclu-

138 3202 222 3229 sum
261 3192 394 3242 questi
440 3195 535 3230 sunt
576 3193 699 3231 etiam
731 3194 928 3232 Oratores
970 3194 1097 3243 Regis
1137 3194 1297 3234 Galliae
1336 3195 1377 3232 in
1416 3195 1715 3244 protestatione
1756 3196 1938 3234 exhibita

139 3250 336 3290 concilim
350 3250 419 3289 die
447 3250 490 3291 3.
522 3250 664 3291 Martii
695 3263 761 3290 an.
795 3251 924 3290 1417.
955 3264 1055 3291 sess.
1084 3251 1158 3290 28.
1190 3255 1287 3301 tom.
1321 3253 1392 3291 16.
1423 3253 1577 3293 Concil.
1610 3253 1689 3293 col.
1721 3254 1822 3292 558.
1857 3267 1892 3297 c.

258 3317 295 3372 2)
325 3322 387 3361 De
416 3322 492 3364 hac
520 3324 725 3375 inaequali
765 3323 1052 3374 suffragiorum
1085 3325 1375 3364 distributione
1406 3325 1500 3363 vide
1542 3337 1702 3376 quoque
1735 3326 1937 3367 laudatam

139 3381 474 3436 protestationem
504 3384 722 3423 oratorum
753 3383 912 3422 Galliae
942 3386 1039 3422 tom.
1074 3384 1141 3422 16.
1175 3384 1254 3424 col.
1285 3384 1384 3423 557.
1417 3395 1471 3429 a„
1505 3395 1580 3423 nec
1612 3396 1692 3424 non
1724 3386 1801 3427 col.
1833 3386 1936 3426 552.

141 3441 180 3476 et
212 3450 325 3488 seqq.

1522 3509 1593 3562 7.
