2326 3854
745 228 911 234 -ψῃ-
1004 214 1144 249 XXIII
1238 227 1405 234 ----·-

177 367 463 423 Romanae
496 363 665 441 sedi,
703 365 1089 438 particularive
1119 362 1334 419 Romae
1371 363 1692 417 constitutae
1769 361 1977 416 Eccle-

179 457 293 508 siae
341 452 774 507 infallibilitatem
822 451 1134 525 denegare3
1182 467 1246 505 eo
1293 464 1462 521 usque
1519 447 1783 503 audaciae
1838 449 1979 501 enim

178 558 246 594 ne
292 543 582 613 praetensa
627 537 839 609 quidem
885 535 1180 608 Defensio
1224 532 1685 590 Declaratiom’s
1713 532 1974 607 procedit.

306 623 524 680 Scimus
580 622 826 695 equidem
868 620 1222 678 Defensionis
1269 620 1582 695 exemplar,
1637 621 1801 693 paulo
1854 623 1977 674 ante

177 714 402 766 mortem
447 711 500 763 in
545 709 726 763 multis
771 709 836 762 ab
877 712 1072 763 autore
1105 709 1479 783 emendatum,
1527 707 1631 762 dici
1662 707 1976 761 conservari

176 799 226 850 in
258 797 418 870 regia
438 790 1127 851 BibliothecaParisiensi:
1160 794 1257 848 sed
1287 795 1427 848 haec
1460 794 1639 849 omnia
1668 793 1819 848 nobis
1851 809 1977 847 am-

176 883 317 955 plius
362 893 527 935 curae
571 897 677 935 non
724 883 867 935 sunt.
930 878 1137 949 Quodsi
1184 881 1324 935 enim
1355 878 1659 935 Bossuetus
1704 879 1976 952 reproba-

178 974 285 1023 tam
329 985 362 1022 a
393 963 544 1021 Sede
574 964 896 1040 Apostolica
931 964 1375 1021 Declarationem
1419 967 1561 1020 tueri
1605 966 1863 1040 voluerit,
1911 964 1978 1018 de

175 1070 277 1126 quo
322 1054 476 1108 nobis
519 1069 626 1107 non
671 1054 804 1108 satis
850 1056 1093 1128 constat,
1140 1056 1259 1122 ejus
1303 1052 1648 1107 autoritatem
1693 1053 1827 1105 tanti
1871 1067 1976 1105 non

177 1140 437 1214 facimus7
481 1143 542 1194 ut
587 1155 683 1192 eas
719 1155 1010 1210 sequamur
1041 1139 1352 1212 opinioneS,
1400 1155 1538 1210 quae
1584 1138 1682 1191 sub
1715 1135 1977 1191 Melden-

175 1227 249 1280 sis
278 1225 493 1280 nomine
517 1224 842 1298 >divulgatae
886 1222 1154 1298 pontificio
1186 1226 1436 1297 primatui
1467 1224 1639 1277 multa
1668 1222 1976 1291 detrahant,

176 1329 307 1384 quas
353 1314 534 1366 autem
574 1308 908 1365 Ballerinius
952 1315 1138 1365 noster
1183 1311 1356 1364 solide
1400 1309 1622 1364 refutat.
1716 1304 1977 1363 Ceterum

175 1414 376 1470 operae
419 1397 650 1470 pretium
696 1412 820 1451 esse
853 1395 1031 1472 duxi,
1091 1397 1254 1452 etiam
1299 1412 1531 1471 gravem
1569 1388 1738 1451 villam
1781 1393 1976 1449 Bene—

174 1484 299 1539 dicti
340 1481 499 1538 XIV.
558 1498 845 1537 censuram
901 1481 991 1537 hic
1033 1480 1278 1557 referre,
1345 1499 1452 1555 qua
1500 1482 1554 1536 in
1601 1481 1834 1554 epistola
1869 1494 1975 1553 ‘pro

176 1566 341 1625 Oard.
377 1567 615 1624 Henrico
646 1567 868 1630 Norisio
914 1568 1283 1644 apologetica,
1330 1567 1459 1623 data
1502 1568 1602 1623 31.
1625 1566 1761 1621 Julii
1790 1566 1974 1624 1748.

176 1654 516 1710 Meldensem
562 1656 905 1728 perstringit:
953 1653 1213 1729 „Notum
1255 1656 1380 1729 tibi,
1428 1655 1534 1729 ait,
1580 1653 1772 1727 procul
1817 1653 1974 1708 dubio
2066 1643 2078 1661 ⁴

179 1743 278 1797 erit
322 1758 456 1818 opus
499 1756 606 1794 non
649 1741 830 1794 multis
875 1740 1067 1795 abhinc
1112 1741 1269 1794 annis
1313 1739 1514 1794 editum
1563 1740 1820 1814 typisque
1865 1741 1974 1793 im-

176 1843 444 1900 pressum,
491 1824 633 1898 quod
677 1827 780 1880 etsi
810 1827 1025 1881 nomine
1056 1827 1263 1881 autoris
1307 1829 1514 1901 careat,
1562 1842 1749 1880 omnes
1795 1829 1973 1880 tamen

174 1914 340 1985 probe
371 1913 546 1966 sciunt
568 1928 692 1965 esse
715 1909 991 1982 Bossueti,
1024 1910 1284 1985 Episcopi
1307 1910 1632 1986 Meldensis⁷
1665 1912 1804 1985 quod
1836 1913 1975 1987 ipse,

175 1998 298 2052 dum
342 1999 586 2071 viveret,
633 2001 1044 2070 composuerat,
1093 2000 1167 2052 ita
1202 2000 1429 2070 Jubente
1476 1996 1764 2053 Gallorum
1806 1996 1976 2073 Rege

173 2083 454 2139 Ludovico
477 2081 637 2137 XIV.
683 2084 781 2138 sed
824 2086 1243 2158 manuscriptum
1286 2086 1338 2139 in
1368 2086 1641 2139 nonnullis
1663 2082 1973 2139 Bibliothe-

175 2172 251 2225 cis
296 2170 607 2243 reliquerat.
679 2166 880 2224 'Potum
911 2187 1046 2243 opus
1083 2174 1337 2226 versatur
1381 2170 1434 2225 in
1480 2171 1790 2226 asserendis
1837 2188 1972 2245 pro-

174 2256 522 2328 positionibus
566 2273 600 2310 a
631 2250 798 2310 Clero
823 2253 1109 2312 Gallicano
1155 2254 1378 2312 firmatis
1423 2259 1476 2311 in
1521 2260 1789 2313 conventu
1833 2275 1974 2312 anno

182 2339 362 2396 1682.
432 2340 669 2396 Difficile
713 2341 956 2413 profecto
1005 2346 1090 2396 est
1133 2342 1278 2397 aliud
1325 2360 1462 2416 opus
1507 2344 1786 2418 reperire,
1833 2342 1971 2415 quod

176 2442 348 2498 aeque
393 2426 715 2481 adversetur
761 2426 1034 2481 doctrinae
1081 2432 1240 2482 extra
1277 2426 1518 2483 Galliam
1563 2430 1759 2501 ubique
1803 2445 1972 2483 rece-

173 2516 298 2584 ptae
343 2511 411 2566 de
455 2509 666 2567 Summi
695 2509 970 2578 Pontificis
1017 2530 1087 2568 ex
1128 2509 1409 2568 Gathedra
1454 2512 1755 2590 definientis
1801 2515 1972 2570 infal-

171 2598 451 2673 libilitate,
498 2597 565 2652 de
611 2602 730 2668 ejus
776 2599 1104 2654 excellentia
1149 2616 1316 2674 supra
1360 2600 1711 2673 quodcunque
1760 2596 1971 2656 Conci—

171 2683 302 2738 lium
341 2685 776 2758 oecumenicum,
822 2684 890 2738 de
922 2688 1042 2755 ejus
1066 2689 1194 2755 jure
1225 2685 1508 2762 indirecto,
1556 2689 1600 2741 si
1633 2689 1969 2761 potissimum

170 2765 485 2843 Religionis
529 2773 584 2824 et
613 2767 904 2825 Ecclesiae
948 2772 1284 2827 commodum
1315 2772 1375 2826 -id
1407 2776 1620 2848 exigat,
1667 2790 1835 2847 super
1866 2777 1968 2844 ju—

173 2855 317 2909 ribus
347 2853 727 2928 temporalibus
756 2854 1066 2930 Principum
1110 2874 1504 2932 supremorum.
1568 2859 1843 2933 Tempore
1875 2860 1969 2915 sel.

173 2938 381 2996 record.
415 2935 687 2996 clement.
723 2939 863 2996 xll.
929 2941 1119 3007 Nostri
1163 2944 1457 3000 immediati
1490 2944 1970 3021 PraedecessoriS,

173 3027 316 3081 serio
353 3031 531 3082 actum
575 3031 662 3083 est
705 3027 772 3082 de
800 3044 983 3101 opere
1029 3031 1451 3108 proscribendo,
1498 3036 1554 3086 et
1582 3032 1800 3086 tandem
1830 3050 1970 3088 con—

173 3113 378 3167 clusum
423 3112 552 3188 fuit,
600 3117 656 3168 ut
701 3130 734 3167 a
777 3115 1171 3186 proscriptione
1215 3118 1606 3190 abstineretur,
1659 3117 1859 3172 nedum
1905 3119 1969 3172 ob

173 3200 489 3254 memoriam
542 3201 746 3254 autoris
805 3217 877 3254 ex
921 3203 1000 3254 tot
1055 3201 1175 3254 aliis
1221 3204 1494 3276 ‚capitibus
1554 3201 1622 3256 de
1667 3201 1970 3278 Religione

173 3285 307 3338 bene
338 3287 534 3361 meriti,
566 3286 664 3341 sed
695 3287 758 3341 ob
774 3290 983 3357 justum
1007 3303 1269 3357 novorum
1290 3284 1631 3343 dissidiorum
1657 3278 1968 3345 timorem.“

301 3369 586 3435 Habemus
637 3368 820 3427 simul
853 3373 941 3427 hic
964 3410 984 3442 ,
1066 3378 1125 3428 ut
1180 3374 1357 3430 obiter>
1407 3375 1761 3446 admoneam,
1829 3378 1970 3431 omni

180 3451 297 3510 fide*
327 3455 700 3531 dignissimum
731 3462 949 3535 testem,
992 3457 1346 3517 Benedictum
1372 3460 1533 3517 XIV.
1579 3461 1874 3518 doctrinam
1905 3461 1972 3516 de
