2326 3854
676 253 842 260 w„
938 220 1056 277 117
1154 249 1317 258 —--

706 494 1111 568 CAPUT
1171 491 1304 566 IX.

103 655 322 713 Objectio
365 669 445 699 ear
474 653 764 696 necessitate
805 649 1020 693 remedii
1066 653 1119 693 in
1170 647 1366 693 casibus
1405 646 1827 690 extraordinariis
1868 658 1899 687 a

497 709 864 754 Constantiensi
889 711 1182 752 memoratis
1212 711 1480 765 expuncta.

239 829 286 880 1.
362 825 513 878 Ratio
569 821 885 876 necessitatis
955 821 1158 875 remedii
1224 824 1276 876 in
1348 842 1468 877 casu
1522 817 1903 894 pertinacissimi

96 911 397 974 schismatiS‚
458 927 583 978 qnae
640 907 939 960 inducendae
993 909 1272 962 sententiae
1328 909 1387 962 de
1429 912 1537 980 jure
1583 903 1902 959 conciliorum

90 995 395 1067 'generalium
443 1012 592 1066 supra
637 992 990 1046 contendentes
1034 991 1306 1047 Pontifices
1345 993 1475 1065 juris
1523 991 1656 1044 dubii
1702 1005 1903 1042 causam

94 1079 337 1152 praebuit,
375 1080 495 1132 adeo
534 1077 734 1133 evidens
770 1077 881 1130 visa
920 1086 997 1130 est
1033 1076 1280 1149 Episcopo
1320 1077 1584 1141 Meldensi‚
1623 1073 1766 1126 utin
1803 1072 1904 1124 dis-

91 1164 367 1218 sertatione
402 1163 675 1235 praemissa
713 1162 1034 1229 Defensioni
1069 1160 1166 1231 (T.
1211 1165 1257 1214 1.
1314 1163 1361 1230 §-
1401 1162 1489 1215 38.
1528 1180 1644 1232 pag.
1682 1157 1781 1229 34)
1819 1175 1903 1209 re-

94 1258 369 1320 pugnantes
404 1247 737 1318 coarguendos
775 1245 978 1298 duxerit
1013 1237 1088 1298 his
1124 1246 1319 1299 verbis:
1357 1246 1441 1298 An
1479 1247 1690 1298 dubium
1719 1244 1901 1294 Ponti-

89 1340 243 1403 ficem
295 1337 450 1386 etiam
497 1339 850 1385 contumacem
897 1352 931 1384 a
987 1333 1216 1384 Concilii
1263 1333 1597 1394 oecumenici
1634 1330 1904 1398 potestate

94 1423 366 1471 immunem
402 1437 512 1470 esse
549 1418 851 1486 oportebat3
887 1436 1054 1485 neque
1082 1436 1191 1469 esse
1217 1421 1271 1469 in
1300 1419 1544 1470 Ecclesia
1585 1419 1686 1467 vim
1723 1415 1904 1472 ullam,

96 1523 228 1573 quae
265 1504 553 1556 schismatis
579 1503 808 1554 ‘vulneri
852 1503 1186 1554 mederetur?
1220 1517 1222 1521 ·
1254 1501 1554 1555 Absurdum
1574 1542 1588 1561 ,
1635 1501 1903 1561 absonum,

94 1590 248 1641 rebus
298 1591 458 1657 yestis
511 1606 843 1656 repuynans,
878 1581 1172 1639 “Ecclesiae
1234 1588 1541 1639 Catholicae
1608 1585 1905 1651 Christique

91 1676 459 1742 providentiae
499 1692 728 1741 prorsus
786 1675 1066 1724 inimicum.
1159 1660 1358 1724 Dicent
1402 1673 1904 1740 opportunissimum

96 1760 389 1811 schismatis
419 1748 589 1826 fuisse
638 1752 948 1830 remedium,
998 1761 1046 1809 si
1092 1759 1158 1809 de
1200 1758 1416 1825 Papatu
1456 1760 1594 1824 pari
1629 1760 1752 1824 fere
1772 1760 1903 1826 jure

95 1846 462 1896 contendentes
508 1845 651 1896 ultro
700 1845 818 1895 loco
867 1845 1128 1895 cederent.
1205 1843 1397 1894 Recte.-
1466 1844 1600 1910 quid
1649 1847 1822 1893 autem
1858 1843 1906 1890 si

94 1931 327 1981 nollent?
359 1928 574 1980 aeterno
610 1931 885 1980 schismate
923 1929 1168 1980 Ecclesia
1206 1928 1512 1980 laboraret?
1547 1925 1713 1978 Absit.
1754 1926 1902 1994 Eryo

93 2031 302 2066 necesse
340 2021 432 2074 est,
467 2022 525 2065 ut
558 2017 626 2065 sit
659 2016 841 2082 aliqua
871 2021 1128 2081 potestas,
1166 2016 1271 2081 qua
1309 2013 1457 2063 dubii
1490 2014 1678 2064 saltem
1719 2012 1904 2062 Ponti-

91 2103 216 2168 fi'ces
265 2101 420 2149 etiam
472 2101 623 2150 inviti
665 2096 1094 2166 comprimantur.
1178 2095 1403 2149 Eandem
1452 2115 1603 2167 porro
1657 2092 1899 2148 rationem

96 2189 254 2252 aeque
284 2183 452 2235 valere
489 2182 635 2234 etiam
670 2182 723 2233 in
761 2183 954 2235 casibus
992 2182 1100 2235 fidei
1137 2200 1194 2235 ac
1230 2181 1598 2234 reformationis
1635 2199 1823 2233 morum
1852 2179 1903 2231 in

95 2267 256 2337 capite
292 2275 343 2319 et
377 2266 428 2317 in
463 2267 724 2331 membriS,
760 2268 813 2318 in
851 2267 1023 2337 quilius
1054 2264 1470 2319 'Constantiensia
1495 2268 1706 2319 ‘decreta
1743 2266 1903 2336 ipsum

96 2351 285 2422 Papam
321 2350 568 2420 generalis
606 2347 816 2403 Concilii
845 2351 947 2422 juri
983 2351 1271 2422 suinciunt‚
1308 2352 1436 2404 idem
1472 2350 1746 2422 Episcopus
1767 2350 1904 2419 „nihil

94 2435 300 2509 dubitat.
373 2433 500 2487 Esto
537 2434 669 2486 enim
706 2453 931 2507 suprema
969 2436 1308 2489 Romanorum
1345 2435 1641 2490 Pontificum
1678 2444 1901 2506 potestas

95 2540 125 2572 a
149 2519 459 2573 conciliorum
485 2538 676 2589 quoque
701 2522 1003 2591 generalium
1021 2524 1136 2592 jure
1162 2523 1227 2574 sit
1252 2522 1603 2592 quodammodo
1635 2520 1902 2573 eximenda

95 2605 146 2658 in
184 2605 376 2658 casibus
413 2605 683 2657 ordinariis
715 2615 862 2675 atque
897 2607 1212 2677 vulgaribus,
1260 2625 1467 2676 quorum
1505 2627 1694 2666 causa,
1729 2615 1784 2657 ut
1820 2605 1900 2657 ille

95 2691 163 2743 ait
199 2689 341 2760 (Lib.
364 2690 447 2743 10.
486 2688 803 2744 Defensionis
842 2711 886 2744 c.
919 2693 1006 2745 21.
1045 2702 1085 2744 t.
1113 2694 1164 2744 2.
1185 2702 1319 2763 pag.
1350 2691 1500 2759 225),
1539 2694 1730 2761 lacessi
1761 2692 1898 2742 Pon-

94 2776 306 2842 tificiam
340 2775 676 2845 majestatem,
704 2796 996 2847 pacemque
1034 2779 1306 2830 Ecclesiae
1337 2779 1652 2845 perturbari
1686 2779 1901 2846 (convo-

95 2858 287 2939 catione
323 2858 499 2928 synodi
534 2852 810 2931 generalis)
861 2869 995 2913 esset
1037 2881 1224 2914 revera
1261 2865 1790 2931 impudentissimum:
1848 2860 1899 2911 in

95 2943 405 3013 gravissimis
441 2951 607 2995 tamen
644 2953 694 2995 et
731 2943 1145 2997 extraordinariis
1195 2946 1358 2998 causis
1396 2947 1532 3014 fidei,
1580 2946 1897 2998 schismatum

95 3036 145 3079 et
179 3027 547 3080 reformationis
581 3047 770 3080 morum
805 3029 857 3080 in
895 3030 1054 3101 capite
1091 3040 1142 3082 et
1176 3030 1229 3081 in
1284 3032 1544 3095 membris,
1595 3035 1724 3099 qua'e
1763 3032 1899 3083 solae

95 3122 427 3188 memorantur
462 3112 513 3164 in
551 3113 762 3166 decretis
800 3111 1298 3179 ConstantiensibuS,
1347 3116 1492 3168 aliter
1529 3115 1782 3168 dicendum
1824 3125 1901 3167 est

90 3198 247 3265 juxta*
277 3196 388 3248 illud
423 3197 814 3267 vulgatissimum
853 3198 1012 3269 (Idem
1048 3199 1169 3267 ibi):
1228 3201 1288 3251 In
1321 3201 1659 3269 yeneralibus
1700 3201 1899 3268 leyibus

94 3299 199 3331 non
237 3284 610 3349 comprehendi
645 3304 798 3336 casus
825 3288 1307 3345 extraordinarios,
1344 3305 1534 3355 eosque
1570 3292 1734 3345 actus,
1770 3305 1900 3353 quos

95 3367 150 3415 in
186 3385 246 3416 re
282 3369 562 3433 improvisa
584 3373 716 3438 ‘ipsa
751 3374 1034 3422 necessitas
1061 3374 1401 3439 cmpresserit.
1446 3369 1523 3423 Ita
1547 3370 1644 3422 ille.
1696 3367 1898 3435 Quaero

98 3458 276 3514 autem,
314 3468 426 3502 num
461 3451 514 3516 ii,
551 3453 633 3523 qui
670 3454 720 3506 in
758 3454 967 3525 aliquem
1004 3473 1092 3526 per
1129 3473 1241 3508 sese
1278 3455 1459 3508 nullum
1490 3457 1573 3527 jus
1613 3448 1808 3521 habeut,
1846 3457 1898 3509 in
