2326 3854
964 243 1061 279 le

120 392 273 436 turalis
301 393 415 448 juris
448 392 792 450 circumscripta,
824 398 869 435 et
892 406 1022 448 quam
1052 390 1197 434 aliena
1217 391 1536 434 amonarchico
1566 390 1803 435 arbitrario

121 457 166 494 et
196 451 379 494 effraeni
413 451 659 506 dominatu,
691 467 821 509 quem
851 450 939 506 ipsi
969 449 1147 506 affingit
1174 449 1440 494 Febronius.
1494 451 1693 503 Summa,
1724 452 1803 493 sed

119 526 206 554 non
237 510 331 553 sola
362 516 562 566 potestas
594 517 664 554 est
692 511 735 553 in
754 509 987 554 Ecclesiae
1006 508 1233 564 regimine,
1264 509 1430 566 quippe
1451 523 1566 565 quae
1597 523 1694 552 cum
1725 523 1804 566 po-

118 574 284 612 testate
320 569 642 625 Episcoporum
680 583 708 611 a
740 568 840 611 Deo
868 567 1082 610 instituta
1111 568 1366 624 copulatur,
1411 573 1457 611 et
1486 567 1684 624 regimen
1715 582 1803 611 non

118 627 375 684 simpliciter
403 627 745 680 monarchicum,
775 627 855 669 sed
886 640 942 668 ex
971 627 1248 670 monarchico
1279 632 1328 670 et
1355 625 1661 671 aristocratico
1693 631 1800 670 tem-

119 691 318 743 peratum
353 685 584 728 constituit
586 714 1793 729 ..........................................
1839 684 1920 728 165

845 814 1068 864 CAPUT
1106 817 1185 863 IV.

171 911 436 968 Explicatur
465 926 679 968 quaenam
710 913 770 956 sit
800 927 853 956 ea
883 927 1090 969 suprema
1121 919 1168 955 et
1198 915 1330 969 plena
1366 920 1566 970 potestas
1597 916 1803 958 Romanis

114 971 404 1014 Pontificibus
433 972 674 1015 tribuenda
703 986 840 1029 supra
868 972 1109 1014 facultates
1138 972 1376 1028 Episcopis
1408 979 1726 1030 competentes,
1758 982 1804 1017 et

112 1029 158 1071 in
188 1029 538 1074 aedificationem
553 1030 784 1076 Ecclesiae
803 1030 979 1074 tradita.
1025 1030 1358 1086 Distinguenda
1373 1038 1575 1086 potestas
1593 1035 1649 1075 ab
1681 1035 1800 1088 ejus-

113 1088 210 1131 dem
239 1102 326 1131 usu
336 1102 350 1144 3
383 1103 465 1132 nec
495 1103 551 1131 ex
581 1085 809 1142 abusibus,
842 1089 920 1146 qui
950 1089 1166 1145 potestati
1194 1089 1425 1133 tribuendi
1447 1105 1535 1133 non
1566 1097 1688 1144 sunt,
1719 1093 1800 1134 sed

112 1161 169 1189 ex
198 1147 310 1190 vitio
342 1147 618 1190 abutentium
648 1148 883 1198 dimanant,
915 1147 1015 1203 ipsa
1045 1153 1245 1204 potestas
1263 1148 1481 1204 neganda.
1525 1149 1595 1192 De
1626 1150 1801 1193 actibus

113 1206 389 1250 abutentium
417 1206 606 1260 illicitis,
634 1198 715 1249 sed
745 1221 834 1252 non
862 1206 1003 1249 irritis
1012 1237 1141 1249 .....
1156 1237 1171 1258 ff.
1190 1237 1791 1250 ....................
1837 1207 1920 1250 176

847 1336 1069 1387 CAPUT
1118 1339 1175 1387 V.

167 1428 236 1471 De
268 1428 570 1484 supposititiis·
597 1427 957 1471 Pseudo-Isidori
989 1427 1307 1485 decretalibus,
1347 1444 1402 1472 ex
1435 1430 1596 1487 quibus
1629 1431 1795 1473 Febro·

110 1486 210 1530 nius
241 1501 471 1543 supremae
503 1493 550 1530 et
578 1487 734 1544 plenae
766 1487 1023 1531 auctoritati
1042 1488 1324 1543 Apostolicae
1355 1489 1531 1531 nimium
1555 1489 1688 1532 multo
1722 1490 1795 1532 de—

107 1545 275 1601 trahit,
300 1547 586 1602 quaestiones
617 1552 709 1590 tres
740 1546 996 1603 propositae
1028 1551 1075 1590 et
1104 1548 1279 1590 solutae
1307 1577 1789 1590 .................
1836 1545 1915 1588 185

227 1626 263 1680 §.
293 1625 326 1667 Ι.
373 1626 493 1668 Num
524 1626 769 1668 decretales
800 1626 994 1682 antiquis
1025 1626 1320 1670 Pontificibus
1351 1642 1378 1671 a
1409 1628 1795 1671 Pseudo-Isidoro

110 1683 364 1736 attributae,
394 1683 439 1726 in
471 1684 658 1739 gratiam
680 1684 974 1729 Romanorum
991 1685 1250 1728 Praesulum
1281 1687 1337 1728 ob
1368 1687 1613 1743 augendam
1646 1703 1798 1731 eorum

109 1746 375 1798 potestatem
405 1742 574 1785 fuerint
603 1742 832 1786 confictae.
859 1773 1784 1789 ................................
1833 1746 1914 1788 186

224 1823 278 1865 ΙΙ.
308 1822 426 1864 Num
458 1836 524 1874 ea,
556 1836 671 1878 quae
702 1822 758 1864 de
787 1824 942 1866 summi
958 1824 1186 1867 Pontificis
1217 1825 1488 1872 auctoritate
1516 1826 1565 1869 in
1595 1826 1797 1869 confictis

107 1880 479 1924 Pseudo-Isidori
508 1881 806 1924 decretalibus
836 1883 1094 1934 traduntur,
1131 1883 1239 1926 novi
1269 1883 1493 1939 quidpiam
1523 1884 1796 1940 induxerint,

57 1964 60 1966 v
107 1940 227 1996 quod
256 1939 554 1982 anterioribus
595 1940 866 1994 temporibus
905 1955 1128 1998 nunquam
1169 1942 1309 1984 fuerit
1353 1943 1575 1998 auditum,
1620 1958 1796 2006 qsuque

106 1998 306 2055 nuspiam
336 2004 562 2054 receptum
565 2029 1783 2045 .........................................
1831 2002 1914 2046 188

220 2078 292 2120 ΠΙ.
338 2077 457 2120 Num
488 2077 747 2135 disciplinae
787 2078 988 2132 novitas,
1030 2079 1159 2137 siqua
1190 2095 1247 2124 ex
1285 2082 1559 2139 apogryphis
1589 2082 1794 2126 Pseudo-

104 2136 264 2180 lsidori
293 2136 593 2180 decretalibus
623 2138 837 2186 invaluit,
869 2152 1044 2195 usuque
1075 2139 1371 2195 posteriorum
1402 2146 1648 2197 temporum
1679 2142 1793 2184 obti-

105 2195 214 2249 nuit,
242 2197 315 2251 jus
346 2196 502 2238 falsum
534 2203 581 2239 et
611 2196 865 2253 corruptela
894 2197 967 2251 sit,
997 2212 1112 2255 quae
1136 2198 1319 2256 antiquo
1352 2214 1567 2243 canonum
1592 2200 1684 2256 Juri
1716 2201 1792 2243 de-

106 2268 265 2310 rogare
295 2255 546 2310 nequiverit
549 2285 1785 2302 ...........................................
1833 2259 1907 2302 191

835 2377 1056 2428 CAPUT
1095 2381 1174 2428 VI.

162 2467 282 2509 Num
311 2467 591 2524 antiquorum
630 2482 846 2511 canonum
885 2468 1114 2526 disciplina
1155 2470 1215 2513 sit
1255 2473 1527 2525 revocanda,
1570 2487 1649 2515 seu
1689 2489 1791 2517 num

96 2524 426 2582 Episcoporum
459 2530 506 2568 et
534 2526 919 2583 Metropolitarum
957 2533 1158 2583 potestas
1198 2544 1278 2572 seu
1313 2530 1566 2586 jurisdictio
1605 2533 1791 2575 actualis

103 2584 162 2626 sit
191 2584 470 2627 restituenda
497 2585 544 2627 in
562 2591 723 2628 statum
744 2586 1030 2643 primitivum,
1060 2587 1226 2630 abolito
1254 2589 1358 2644 jure
1380 2590 1496 2646 quod
1524 2590 1615 2645 Jam
1638 2606 1665 2633 a
1684 2592 1790 2634 mul·

103 2643 161 2685 tis
191 2644 379 2687 saeculis
409 2643 534 2700 viget
537 2675 1784 2692 ...........................................
1830 2650 1911 2693 198

825 2767 1046 2816 CAPUT
1085 2771 1184 2818 Vll.

164 2867 333 2921 Media,
382 2883 496 2924 quae
535 2869 580 2912 in
622 2871 946 2915 restitutionem
989 2873 1246 2930 disciplinae
1290 2875 1459 2922 veteris
1499 2890 1526 2918 a
1564 2875 1789 2920 Febronio

104 2932 436 3028 fgffissnuntur'
485 2934 694 2983 quantam
732 2930 997 2974 Pontificiae
1035 2932 1292 2976 auctoritati
1334 2934 1621 2977 offensionem
1662 2949 1790 2991 prae—
1823 2994 1910 3037 ⁰03

811 3109 1031 3160 CAPUT
1074 3115 1197 3161 Vlll.

165 3197 516 3242 Observationes
546 3199 592 3242 in
625 3199 712 3243 alia
743 3202 961 3257 quaedam
990 3202 1202 3246 Febronii
1234 3203 1343 3256 loca,
1374 3218 1490 3260 quae
1522 3206 1605 3248 etsi
1636 3206 1682 3248 in
1714 3222 1791 3249 an-

105 3256 412 3300 tecedentibus
434 3259 745 3314 praetermissa
773 3260 864 3303 siut
893 3265 1103 3318 tanquam
1130 3274 1216 3304 non
1243 3263 1493 3306 necessaria
1523 3265 1791 3309 confutando

104 3313 222 3357 illius
253 3317 504 3371 systemati,
535 3324 722 3374 possunt
752 3325 895 3361 tamen
929 3320 1120 3376 aliquam
1151 3319 1459 3364 difficultatem
1493 3323 1781 3366 facessere...
1822 3322 1909 3366 2¹6

225 3394 259 3448 §.
291 3394 325 3439 Ι.
389 3395 531 3447 Quam
562 3397 674 3439 male
705 3412 762 3440 ex
792 3402 920 3442 textu
950 3399 1160 3442 Actorum
1203 3414 1239 3442 c.
1271 3397 1311 3441 8.
1345 3415 1386 3443 v.
1427 3399 1492 3444 14.
1540 3403 1790 3447 Febronius

107 3465 203 3494 cum
235 3453 438 3496 Gen-sone
469 3453 676 3510 colligat,
717 3457 765 3499 S.
798 3457 982 3501 Petrum
1011 3459 1150 3502 fuisse
1181 3458 1405 3502 subditum
1438 3461 1658 3517 Apostolis
1689 3465 1791 3515 (seu

111 3510 358 3563 Ecclesiae)
391 3512 467 3569 qui
497 3527 594 3556 eum
622 3529 718 3558 cum
747 3515 920 3560 Joanne
952 3516 1166 3561 miserunt
1197 3519 1450 3562 Samariam.
1565 3552 1781 3564 ........
1822 3520 1908 3562 216
