2326 3854
722 211 1316 266 -,-.69.-.-

258 380 307 431 5.
384 377 471 427 Ex
508 376 822 446 generalibus
860 372 1073 441 antiquis
1111 370 1311 440 synodis
1349 386 1495 420 unum
1537 369 1713 437 opponi
1765 389 1910 439 posse

115 465 307 518 videtur
355 472 550 515 sextum
598 458 898 522 Concilium,
958 457 1083 525 quod
1131 456 1181 506 in
1230 453 1420 525 Papam
1468 452 1740 504 Honorium
1791 472 1911 506 ana—

116 550 278 600 thema
314 547 440 598 tulit.
515 544 568 595 Id
606 554 763 596 autem
802 549 1130 612 opponeretur
1178 539 1374 590 omnino
1419 538 1599 608 inepte.
1676 538 1746 589 Ut
1783 539 1912 590 enim

117 635 207 686 hoc
241 629 687 699 factun1.probaret
723 626 970 695 generalis
1022 624 1215 676 concilii
1254 623 1642 693 jurisdictionem
1691 624 1742 674 in
1781 642 1910 675 sum-

116 735 220 769 mos
258 715 557 776 PontificeS,
606 712 697 762 duo
734 711 983 781 probanda
1022 718 1218 775 essent,
1268 709 1494 759 nimirum
1533 717 1583 760 et
1618 707 1911 772 Honorium,

107 801 293 872 jamdiu
330 809 443 852 ante
481 816 508 849 e
532 796 657 851 vivis
695 796 952 859 sublatum,
991 795 1144 847 adhuc
1169 794 1320 846 fuisse
1359 812 1596 846 summum
1623 791 1912 845 Pontificem

116 885 294 938 actuali
329 883 540 954 primatu
577 882 878 950 fungentem,
916 889 966 932 et
1005 877 1276 932 Concilium
1315 897 1372 930 eo
1412 880 1721 930 anathemate
1745 895 1914 930 veram

113 970 162 1020 in
198 970 354 1039 ipsum
396 966 785 1037 jurisdictionem
824 966 1130 1018 exercuisse.
1206 963 1482 1032 Utrumque
1530 973 1690 1015 autem
1741 964 1912 1014 falsum

113 1063 204 1105 est.
282 1050 467 1104 Summi
504 1052 631 1104 enim
658 1050 944 1115 PontificeS,
964 1069 1080 1121 >una
1106 1068 1212 1103 cum
1237 1050 1339 1103 vita
1366 1048 1715 1100 Pontificatum
1745 1058 1911 1100 actua-

111 1139 203 1190 lem
242 1138 553 1199 amittenteS,
603 1153 766 1188 secum
805 1154 904 1187 non
952 1136 1177 1188 deferunt
1222 1134 1512 1204 primatum,
1564 1134 1649 1185 sed
1697 1134 1747 1184 in
1798 1134 1912 1185 sede

112 1222 399 1293 Apostolica
427 1220 712 1288 'relinquunt
760 1220 819 1271 ad
863 1238 1175 1273 successores
1225 1218 1644 1270 transferendum:
1703 1224 1752 1265 et
1789 1214 1914 1266 sicut

112 1307 289 1357 nullam
324 1305 562 1375 primatus
591 1304 983 1374 jurisdictionem
1021 1305 1203 1356 habent
1252 1304 1486 1374 amplius,
1533 1318 1623 1353 nec
1673 1317 1913 1351 exercere

111 1399 314 1460 possunt
359 1389 410 1440 in
455 1387 756 1455 Ecclesiam,
804 1389 886 1459 ita?
923 1387 1280 1443 Ecclesiastica
1326 1387 1524 1458 proprie
1584 1385 1712 1437 dicta
1754 1384 1910 1454 juris-

111 1474 252 1526 dictio
290 1482 436 1541 atque
473 1483 720 1544 potestaS,
760 1493 884 1544 quae
922 1473 1077 1527 Petro
1117 1484 1166 1526 et
1203 1473 1459 1543 Apostolis
1497 1487 1762 1546 eorumque
1800 1487 1911 1521 suc-

112 1558 388 1611 cessoribus
439 1577 468 1610 a
517 1556 718 1610 Christo
764 1559 947 1611 tradita
994 1559 1083 1610 fuit
1130 1558 1540 1626 superterram
1586 1565 1802 1619 tantum,
1854 1556 1910 1605 ad

110 1653 328 1695 mortuos
366 1645 792 1710 nonextenditur,
831 1662 1035 1711 quorum
1067 1644 1300 1714 judicium
1342 1644 1435 1695 soli
1458 1642 1566 1694 Deo
1606 1650 1910 1703 reservatur,

110 1737 164 1779 ut
218 1727 405 1780 monuit
460 1720 514 1780 Sss
567 1718 794 1780 Gelasius
850 1728 901 1778 in
956 1728 1162 1799 epistola
1219 1729 1278 1780 ad
1330 1728 1593 1780 Dardanos
1649 1726 1706 1776 de
1763 1743 1911 1776 causa

110 1814 301 1878 Acacii,
341 1823 390 1865 et
424 1814 475 1864 in
512 1814 667 1883 gestis
706 1813 1023 1884 synodalibus
1063 1814 1121 1865 de
1160 1812 1469 1864 absolutione
1507 1811 1708 1863 Miseni.
1757 1808 1910 1860 Dam-

109 1899 243 1951 natio
280 1916 399 1952 vero
437 1908 487 1950 et
523 1899 799 1965 anathema,
839 1899 964 1966 quod
1003 1899 1261 1967 aliquando
1286 1890 1444 1949 latum*
1474 1896 1564 1948 fuit
1600 1898 1659 1949 ab
1686 1894 1911 1949 Ecclesia

108 1984 159 2035 in
195 1993 433 2047 mortuos,
464 1982 596 2038 ,sicut
634 1993 683 2034 et
720 1984 1037 2051 quorundam,
1078 1983 1161 2052 qui
1198 1983 1447 2045 obierant,
1487 1983 1754 2044 absolutio,
1811 1997 1908 2033 non

108 2069 303 2120 fuerunt
338 2077 475 2120 actus
504 2067 862 2137 jurisdictionis
899 2068 1094 2139 proprie
1131 2068 1291 2120 dictae
1328 2068 1378 2119 in
1413 2068 1565 2138 ips08,
1604 2067 1743 2136 quasi
1779 2085 1910 2118 nior-

107 2163 217 2205 tuos
273 2163 422 2206 extra
465 2150 718 2205 Ecclesiae
757 2154 991 2223 judicium
1041 2152 1334 2205 constitutos
1382 2154 1491 2223 ipsa
1535 2163 1704 2223 posset
1752 2152 1909 2221 ligare

108 2239 189 2290 vel
214 2227 433 2304 solvere,
471 2255 561 2289 nec
600 2247 784 2289 sortem
809 2231 1046 2308 ipsorum,
1086 2237 1161 2290 cui
1197 2249 1311 2308 post
1333 2225 1539 2291 mortem
1580 2238 1745 2291 divino
1777 2237 1906 2307 judi-

111 2321 183 2373 cio
230 2323 366 2373 fuere
413 2311 614 2386 addicti,
669 2322 825 2392 potuit
870 2333 1060 2374 mutare
1106 2321 1467 2392 (indulgentiae
1515 2342 1604 2393 pro
1654 2324 1908 2375 animabus

108 2407 427 2476 purgantibus
457 2426 561 2475 per
599 2410 807 2459 modum
844 2412 1088 2477 suffrayii
1130 2407 1406 2478 impertitae
1445 2409 1503 2458 ab
1541 2406 1796 2471 Ecclesia,
1847 2409 1907 2459 ad

103 2490 488 2561 jurisdictionem
527 2491 723 2561 proprie
760 2491 936 2544 dictam
980 2511 1080 2544 non
1135 2503 1249 2544 sunt
1285 2481 1630 2558 referendae),
1681 2494 1766 2546 sed
1800 2503 1907 2545 tota

110 2594 274 2627 eorum
312 2575 389 2628 vis
427 2594 482 2628 ac
511 2575 789 2646 jurisdictio
828 2577 1075 2645 quaedam
1098 2577 1239 2630 vivos
1288 2577 1510 2648 respicit,
1569 2589 1619 2630 ut
1657 2579 1906 2631 absolutos

61 2712 64 2714 .
109 2677 193 2712 ex.
231 2679 308 2729 gr.
350 2661 410 2713 ab
448 2655 954 2715 excommunicatione
991 2664 1173 2717 donare
1209 2662 1402 2732 possint
1435 2661 1789 2716 Ecclesiastica
1826 2682 1898 2717 se-

110 2746 321 2813 pultura,
359 2755 504 2812 atque
533 2748 712 2815 juvare
749 2748 1027 2818 suffragiis3
1072 2750 1153 2802 vel
1189 2749 1444 2800 damnatos
1482 2767 1567 2800 ex.
1606 2769 1684 2820 gr.
1724 2751 1784 2801 ob
1824 2768 1904 2802 er-

112 2847 299 2897 rorem,
348 2847 490 2896 quem
525 2830 820 2894 docuerunt,
857 2834 937 2884 vel
975 2834 1051 2886 cui
1085 2836 1304 2888 favorem
1341 2833 1666 2903 praestitere,
1711 2839 1790 2887 ita
1824 2854 1904 2887 ca-

110 2923 283 2977 veant,
333 2932 396 2965 ne
442 2913 659 2983 ipsorum
706 2915 901 2985 scriptis
958 2926 1041 2968 aut
1095 2918 1392 2970 auctoritate
1437 2919 1756 2989 decipiantur.
1831 2919 1904 2971 Ita

111 2998 359 3051 Honorius
397 2996 680 3062 damnatUS,
720 3000 832 3067 quia
864 3018 951 3053 sua
987 3003 1146 3054 minus
1185 3013 1320 3055 recta
1357 3004 1671 3056 oecumenica
1707 3005 1902 3074 dispen-

112 3083 331 3148 satione,
381 3084 438 3136 de
476 3102 570 3152 qua
606 3084 819 3136 diximus
855 3088 1164 3139 antecedenti
1199 3106 1349 3158 opere
1395 3086 1503 3157 (Dc
1538 3088 1587 3140 vi
1624 3098 1674 3140 ct
1709 3089 1904 3141 ratione

112 3168 302 3238 primat.
357 3187 399 3220 c.
442 3170 523 3219 15.
565 3169 611 3235 ἕ.
649 3170 699 3221 9.
762 3169 881 3221 Vid.
919 3168 1146 3239 Append.
1185 3172 1230 3238 §.
1270 3171 1415 3241 10.)‚
1463 3171 1901 3224 Monothelitarum

111 3246 306 3304 haeresi
341 3253 522 3307 favisse
552 3254 799 3324 judicatus
837 3264 912 3306 est
936 3253 1009 3324 ¹),
1054 3272 1151 3306 non
1201 3274 1306 3308 cam
1345 3256 1534 3324 quidem
1573 3258 1900 3327 approbando,

231 3385 267 3438 J)
299 3389 344 3428 Si
375 3390 471 3439 quid
499 3393 665 3441 gravius
706 3394 746 3430 in
777 3393 949 3431 Honorii
982 3392 1320 3432 condemnatione
1356 3395 1643 3445 perstrinxisse
1664 3397 1901 3440 ‚credantur

112 3449 253 3486 sextae
299 3449 441 3498 synodi
481 3449 645 3497 Patres,
703 3463 782 3490 non
829 3463 919 3491 eum
964 3453 1187 3492 litterarum
1229 3454 1314 3503 ejus
1355 3465 1515 3494 sensum
1563 3456 1902 3506 perstrinxerunt,
