2326 3854
1245 183 1366 221 XXX

385 335 609 414 editam,
656 338 710 392 in
741 354 850 411 qua
874 335 1137 393 Summus
1162 335 1427 392 Pontifex
1459 336 1711 394 declarat
1733 357 1800 394 ac
1830 339 2037 417 definit,
2063 344 2229 417 quin-

382 441 503 499 que.
533 426 938 500 propositiones
987 443 1059 480 ex
1090 426 1229 480 libro
1258 419 1510 481 Cornelii
1539 424 1797 482 Jansenii
1827 427 2094 506 Iprensis‚
2142 433 2229 487 cui

379 514 569 571 titulus
582 511 987 586 Augustinus,
1016 515 1336 590 excerptaS,
1367 517 1532 588 atque
1555 516 1610 570 in
1635 533 1803 571 sensu
1830 518 2039 574 autoris
2060 517 2228 574 vdam-

379 604 541 658 natas
574 618 724 678 esse,
772 602 931 656 varia
963 602 1359 676 excogitarunt
1394 603 1627 681 effugia,
1676 606 1866 678 quibus
1896 605 2084 662 fucum
2116 606 2229 661 im-

379 692 570 766 peritis
617 688 888 764 facerent7
935 689 1079 744 inter
1125 707 1290 763 quae-
1313 690 1450 746 illud
1484 693 1830 766 potissimum
1869 697 2227 770 recoxerunt7

380 777 522 852 quod
557 781 678 848 jam
723 779 950 832 veteres
997 775 1289 855 haeretici7
1336 795 1536 854 nempe
1560 778 1788 836 Arriani
1835 779 1975 858 (cfr.
2003 779 2227 839 Socra-

377 871 465 923 tes
492 863 622 920 hist.
668 863 764 919 lib.
789 863 836 921 1.
870 882 993 940 cap.
1024 866 1126 924 14.
1159 884 1291 942 pag.
1316 867 1420 923 42.
1459 867 1587 923 edit.
1614 863 1944 946 Cantabrig.
1974 864 2227 946 1720.),

377 957 432 1009 et
475 951 802 1008 Nestoriani
846 971 1152 1028 usurpasse
1200 953 1485 1031 dicuntur7
1545 955 1825 1012 celebrem
1871 960 2086 1015 scilicet
2133 958 2227 1014 di—

374 1042 746 1113 stinctionem,
795 1058 936 1115 quae
985 1045 1072 1097 est
1115 1043 1260 1098 inter
1306 1044 1685 1117 quaestionem
1724 1043 1896 1116 juris
1941 1050 1997 1102 et
2036 1044 2226 1119 facti.

375 1127 774 1200 Quaestionem
821 1130 957 1200 juris
1005 1129 1311 1186 doctrinam
1346 1132 1631 1206 respicere
1679 1130 1940 1190 dixerunt
1986 1133 2227 1190 damna-

373 1222 508 1294 tam,
558 1219 939 1292 quaestionem
986 1217 1118 1275 facti
1164 1222 1286 1291 ejus
1333 1218 1739 1278 attributionem
1775 1223 1914 1278 libro
1940 1221 2226 1279 Jansenii:

373 1304 695 1362 Ecclesiam
730 1305 990 1378 judicare
1021 1324 1189 1382 posse
1237 1307 1306 1364 de
1340 1309 1663 1382 quaestione
1699 1312 1870 1388 Juris7
1916 1329 2047 1366 num
2076 1311 2226 1367 hae-

372 1396 550 1452 retica
581 1395 652 1451 sit
682 1394 868 1469 aliqua
899 1394 1168 1473 doctrina,
1216 1413 1326 1452 non
1364 1399 1551 1453 autem
1595 1397 1664 1453 de
1698 1400 2025 1473 quaestione
2071 1398 2226 1477 facti7

372 1500 504 1539 num
549 1486 815 1540 contenta»
863 1484 918 1539 in
965 1483 1150 1558 aliquo
1195 1484 1369 1541 libro:
1437 1485 1754 1544 haereticas
1803 1504 1932 1543 esse
1990 1489 2227 1562 quinque

374 1570 661 1628 damnatas
706 1572 1114 1647 propositiones
1162 1577 1564 1629 concesserunt
1576 1594 1594 1648 3
1643 1579 1701 1630 at
1732 1592 1832 1631 eas
1878 1577 1942 1631 in‘
1971 1574 2227 1631 Jansenii

371 1660 511 1716 libro
538 1661 827 1735 contineri7
851 1663 1152 1736 negarunt.
1198 1659 1561 1717 Jansenistae
1583 1679 1724 1738 ergo
1747 1662 2040 1720 discrimen
2065 1662 2225 1741 illud,

373 1746 518 1822 quod
562 1746 853 1804 intercedit
897 1748 1041 1804 inter
1078 1747 1285 1805 factum
1314 1767 1514 1823 purum
1559 1767 1662 1805 seu
1704 1768 1858 1807 mere
1903 1752 2224 1829 personale,

373 1839 429 1892 et
473 1835 679 1891 factum
713 1849 838 1892 cum
865 1839 998 1907 jure
1031 1853 1135 1893 seu
1166 1837 1432 1913 dogmate
1464 1854 1776 1896 connexum
1810 1845 2224 1915 expunxerunt,

371 1928 536 1998 atque
574 1922 876 1980 Ecclesiae
922 1923 1064 1981 adeo
1110 1926 1216 1999 ipsi
1261 1928 1593 1999 potestatem
1625 1929 1748 1983 ausi
1778 1932 1907 1983 sunt
1937 1928 2224 2004 denegare

372 2014 521 2069 circa
582 2011 732 2069 facta
787 2013 868 2068 sic
915 2011 1062 2069 dicta
1108 2011 1462 2090 dogmatica,
1530 2017 1722 2089 utpote
1777 2034 1901 2071 cum
1958 2016 2223 2093 dogmate

371 2117 647 2178 connexa,
695 2101 856 2174 quale
887 2100 1058 2178 illud,
1109 2118 1251 2176 quae
1283 2100 1532 2159 doctrina
1561 2103 1617 2159 in
1649 2103 1833 2178 aliquo
1874 2105 2014 2161 libro
2059 2108 2224 2180 prout

360 2191 538 2266 jacet,
586 2188 936 2246 considerato
985 2193 1271 2267 contextu,
1320 2191 1691 2269 contineatur,
1737 2194 1829 2267 qui
1866 2210 2066 2249 sensus
2114 2195 2219 2250 ob-

359 2278 605 2350 jectivus
652 2279 862 2333 autoris
907 2280 1237 2335 nominatur.
1299 2277 1569 2349 Quaestio
1618 2282 1799 2358 enim,
1847 2283 1939 2355 qui
1985 2283 2056 2337 sit
2099 2282 2223 2338 libri

370 2370 551 2441 autor,
601 2383 872 2440 quemque
918 2368 974 2422 in
1019 2370 1205 2423 mente
1253 2367 1397 2424 forte
1430 2368 1686 2424 habuerit
1731 2386 1957 2426 sensum
1990 2371 2045 2425 in
2081 2370 2221 2426 libro

369 2472 479 2510 non
511 2471 863 2531 expressum⁷
897 2472 1051 2512 mere
1083 2457 1402 2530 personalia
1432 2474 1535 2514 seu
1566 2456 1716 2515 facta
1741 2476 1882 2532 pura
1906 2461 2054 2534 sunt⁷
2079 2472 2222 2532 quae

295 2585 313 2593 -
370 2543 494 2598 aliis
541 2544 886 2618 argumentis
938 2544 1344 2618 expenduntur.
1433 2542 1598 2601 Hanc
1643 2549 1831 2602 autem
1886 2549 2221 2621 potestatem

370 2631 518 2686 circa
566 2629 715 2686 sacta
773 2630 1092 2707 dogmatica
1135 2629 1402 2687 Ecclesia
1449 2634 1698 2689 omnibus
1754 2636 1906 2690 retro
1955 2635 2218 2710 saeculis⁷

369 2719 831 2794 obganniantibus
877 2719 1010 2775 licet
1038 2719 1362 2792 haereticiS,
1410 2737 1634 2796 semper
1667 2726 1928 2796 tanquam
1961 2721 2220 2778 divinitus

368 2808 469 2863 sibi
515 2806 775 2864 traditam
811 2809 1086 2884 exercuit,
1133 2806 1496 2865 discernendo
1543 2811 1716 2867 bonos
1748 2810 1917 2866 libros
1963 2828 1998 2865 a
2036 2810 2221 2887 maliS‚

369 2895 639 2951 salutaria
683 2914 895 2971 pascua
941 2914 976 2951 a
1020 2899 1333 2953 venenatis·
1427 2895 1640 2968 Quodsi
1687 2902 1874 2955 autem
1917 2897 2061 2955 haec
2106 2911 2219 2973 po-

367 2987 544 3040 testas
567 2982 865 3040 Ecclesiae
897 3002 1006 3041 non
1037 2986 1281 3063 inesset,
1316 2987 1405 3061 qui
1438 2990 1631 3062 posset
1674 2986 1950 3043 infallibili
1982 2986 2218 3064 judicic,

365 3074 502 3128 nixa
536 3070 768 3128 Patrum
799 3075 1151 3151 testimoniis,
1198 3074 1305 3131 hoc
1353 3078 1438 3131 est
1471 3077 1759 3132 sententiis
1807 3085 1949 3148 quae
1998 3092 2071 3142 ex
2101 3078 2216 3131 toto

368 3178 560 3217 eorum
607 3178 837 3236 operum
884 3166 1146 3219 contextu
1198 3162 1539 3240 educuntur,
1609 3163 1678 3218 de
1736 3180 1874 3218 vero
1932 3181 2218 3219 sacrarum

367 3246 783 3323 scripturarum
829 3267 999 3307 sensu
1039 3268 1114 3307 ex
1158 3255 1424 3310 contextu
1457 3246 1761 3323 judicare?
1821 3251 1912 3326 qui
1941 3251 2219 3325 potuisset

367 3335 695 3394 Tridentina
719 3335 992 3410 Synodus
1021 3336 1183 3397 Sess,
1211 3340 1275 3396 4.
1307 3334 1597 3397 Ganonem
1636 3350 1922 3395 sacrarum
1949 3337 2214 3413 Scriptu-

368 3438 554 3480 rarum
586 3425 846 3482 decidere
879 3430 1042 3501 atque
1065 3427 1375 3504 Vulgatam
1403 3427 1775 3485 authenticam
1808 3423 2141 3483 declarare?

499 3510 660 3582 Quae
741 3532 866 3570 cum
943 3517 1186 3572 maxime
1265 3519 1462 3590 aperta
1529 3519 1585 3571 et
1656 3515 1960 3572 intellectui
2027 3516 2214 3571 mani-
