2326 3854
976 119 1595 174 *26—

361 306 512 343 eausa
550 285 753 339 indicati
794 285 1104 350 sebi-sulati8‚
1156 304 1284 355 quae
1325 286 1386 338 ab
1425 286 1552 356 ipsis
1589 286 1854 340 terminari
1891 307 1993 359 non
2031 291 2210 362 potuit,

360 375 514 428 totius
582 372 774 443 negotii
840 372 1177 442 cognitionem
1251 383 1303 426 et
1369 390 1590 427 examen
1623 429 1625 437 s
1658 373 1937 446 Theophila
1990 372 2211 448 'aliisque

359 461 589 534 Aegypti
625 458 1001 531 Episcopisita
1039 458 1430 527 demandarunt,
1480 471 1536 513 ut
1590 461 1650 514 de
1707 460 1866 531 gestis
1903 461 2046 533 hujus
2084 482 2212 520 exa-

359 547 507 602 minis
556 549 807 601 referrent
869 547 945 597 ad
994 547 1053 597 S.
1087 547 1358 602 ·Fratrem
1417 556 1660 607 nostrum
1711 549 1993 603 Romanae
2039 569 2214 604 sacer-

359 640 539 690 dotem
588 636 867 687 Ecclesiae
918 633 1067 703 (sunt
1114 633 1272 706 ipsius
1310 636 1574 690 Ambrosii
1623 636 1837 705 verba),
1887 645 1946 690 ut
1989 657 2109 691 cum
2156 641 2217 691 id

354 724 561 795 yestum
599 740 711 774 esse
759 724 1207 789 compererimus,
1263 725 1407 794 qaod
1455 723 1838 777 ECCLESJA
1879 723 2214 777 ROMANA

358 813 509 864 haud
542 810 703 866 dubie
741 810 1190 877 comproba-verit,
1228 812 1362 864 laeti
1383 815 1626 879 fractum
1654 814 1916 883 ejusmodi
1947 815 2213 865 examinis

358 901 745 967 adipiscamur.
825 893 934 949 Cur
972 883 1074 950 non
1113 897 1174 950 ad
1211 895 1666 963 Mediolanensem,
1706 899 1893 951 sed'ad
1931 897 2212 952 Romanam

357 975 516 1038 solam
566 984 736 1038 sedem
782 983 963 1038 relatio
1012 984 1241 1049 decreta,
1302 982 1410 1036 nisi'
1452 985 1570 1054 quia
1627 986 1769 1056 hujus
1820 985 2106 1039 auctoritas
2151 987 2212 1039 ab

355 1071 632 1125 Ambrosio
671 1070 884 1142 aliisque
923 1069 1180 1145 Capuanis
1219 1069 1460 1124 Patribus
1499 1072 1711 1125 maximi
1750 1073 1935 1139 habita,
1975 1092 2035 1128 ac
2059 1074 2119 1127 :si
2153 1073 2213 1126 ad

355 1161 514 1233 ipsam
554 1160 748 1212 referre
785 1160 846 1212 de
883 1159 1151 1225 examine,
1197 1159 1328 1228 quod
1365 1160 1428 1212 ab
1475 1159 1652 1214 iisdem
1689 1161 1856 1215 fuerat
1894 1162 2212 1218 commissum

356 1246 662 1319 Aegyptiis,
700 1246 768 1299 sit
805 1247 999 1301 referre
1038 1248 1102 1300 ad
1139 1265 1282 1311 eam,
1323 1247 1460 1317 cujus
1498 1247 1653 1300 solius
1691 1248 1968 1302 auctoritas
2018 1248 2071 1301 in
2110 1243 2213 1303 Cass¹

358 1353 523 1407 puano
561 1320 876 1388 Occidentali
915 1333 1126 1388 coneilio
1164 1334 1238 1386 ita
1274 1335 1583 1405 praestabat,
1623 1345 1678 1388 ut
1715 1355 1824 1390 cum
1863 1337 1973 1389 sola
2010 1337 2073 1388 ob
2101 1335 2213 1388 uni-

357 1422 606 1476 versalem
652 1424 920 1493 primatum
966 1421 1021 1473 in
1067 1419 1448 1475 Patriarchales
1492 1422 1643 1477 etiam
1694 1422 1925 1476 Orientis
1971 1422 2214 1477 ecclesias

359 1529 533 1565 verum
565 1512 650 1582 jus
704 1509 941 1574 haberet,
995 1510 1104 1580 ejus
1141 1508 1687 1581 soliuscomprobatio
1738 1511 1800 1563 ad
1837 1509 2216 1564 Amiochenum

359 1598 616 1652 dissidium
665 1597 1065 1668 extinguendum
1117 1596 1413 1650 crederetur
1461 1596 1728 1651 sufficere?
1804 1595 1967 1669 Hujus
2017 1597 2214 1667 quidem

359 1685 492 1739 sedis
516 1686 812 1738 ‘auctoritas
861 1683 908 1736 id
955 1682 1243 1748 obtinebat,
1300 1690 1355 1735 ut
1376 1682 1596 1737 >decreta
1651 1684 1804 1737 etiam
1861 1684 1914 1738 in
1963 1685 2215 1755 frequenti

359 1773 594 1827 Romana
633 1770 844 1845 Synodo
897 1771 1174 1825 constituta
1223 1770 1380 1824 solius
1429 1771 1536 1823 fere
1577 1769 1843 1825 Pontificis
1898 1773 2100 1826 nomine
2137 1772 2214 1825 in-

358 1861 722 1926 scriberentur,
761 1862 895 1932 quod
934 1878 1065 1913 unus
1102 1878 1194 1931 pro
1234 1858 1467 1911 omnibus
1507 1859 1569 1911 ad
1606 1859 1707 1913 vim
1741 1860 1962 1914 'decretis
1998 1860 2217 1931 gignen-

357 1951 470 2004 dam
506 1950 719 2005 valeret.
805 1946 940 2000 Hinc
990 1964 1187 2016 quoque
1238 1964 1348 1998 cum
1386 1944 1676 2001 Orientales
1712 1944 2026 2019 Apollinaris
2064 1958 2214 2018 atque

359 2036 619 2103 Timothei
666 2034 1030 2108 depositionem
1077 2033 1334 2106 petierunt
1385 2034 1447 2086 ab
1492 2025 1949 2100 OccidentalibuS,
1983 2055 2108 2106 quos
2153 2033 2211 2089 S.

355 2125 577 2179 Basilius
613 2123 898 2196 generatim
933 2131 1360 2186 'memorat5eam
1399 2139 1431 2174 a
1463 2118 1692 2175 Damaso
1730 2121 1980 2176 Pontifice
2014 2122 2090 2175 bis
2128 2141 2213 2195 pe-

356 2214 521 2268 tiisse·
551 2216 608 2278 (a
627 2222 725 2265 ‘me
764 2213 942 2266 denam
973 2211 1290 2279 postulatis)
1334 2209 1556 2263 affirmat
1574 2264 1581 2275 ,,
1598 2209 1730 2263 idem
1767 2198 2015 2264 Pontifex
2063 2199 2211 2282 epist.

362 2303 446 2355 14.
487 2301 618 2373 apud
657 2297 1015 2353 Constantium
1053 2309 1188 2353 num.
1229 2297 1282 2351 3.
1316 2297 1470 2368 idque
1507 2305 1570 2351 at
1603 2299 1839 2352 debitam
1865 2296 2213 2368 Apostolieae

356 2392 474 2443 sedi
509 2390 884 2442 reverentiam
903 2393 1283 2456 praestarent,
1332 2403 1403 2438 ex
1439 2386 1678 2456 ejusdem·
1698 2385 1948 2458 epistolae
1984 2400 2119 2440 num.
2161 2387 2212 2440 l.

356 2479 486 2547 quae
522 2475 678 2531 verba
717 2474 967 2545 potiorem
1008 2474 1165 2544 hujus
1193 2483 1371 2526 auct01
1373 2472 1549 2526 itatem
1588 2472 1914 2552 significant.-

504 2563 629 2616 15.
664 2559 982 2633 Expressius
1007 2576 1154 2614 vero·
1190 2558 1426 2614 Africani
1474 2560 1612 2612 hanc
1650 2559 1899 2630 potiorem
1946 2555 2239 2614 Romanae

357 2650 507 2705 sedis
531 2648 883 2704 auctoritatem
910 2648 1252 2712 declararunt,
1289 2665 1403 2699 cum
1429 2646 1492 2698 ob
1529 2657 1817 2701 memorata
1836 2637 2213 2701 transmarinae

356 2737 540 2810 synodi
575 2735 848 2790 interdicta
897 2735 974 2806 (c.
1012 2734 1102 2788 68.
1154 2731 1281 2787 Cod,
1321 2724 1518 2799 Afric.)
1556 2734 1867 2801 decrevere,
1905 2745 1960 2786 ut
1999 2737 2218 2795 litterae

356 2830 634 2879 mittantur
669 2827 749 2878 ad
769 2827 989 2892 fratres
1028 2829 1082 2875 et
1116 2821 1487 2890 'Coepiscopos
1524 2829 1766 2883 nostros,
1808 2830 1862 2875 et
1898 2821 2218 2882 MAXME

355 2912 513 2984 (nota
555 2913 651 2965 hoe
694 2908 1016 2981 adverbium)
1056 2911 1132 2962 ad
1168 2910 1365 2962 sedem*
1389 2907 1789 2979 Apostolicam3
1840 2910 1901 2963 ad
1954 2927 2064 2963 eam
2114 2910 2212 2963 sei-

357 3000 475 3054 licet
512 3000 705 3065 sedem,
763 3000 906 3050 ande
953 2998 1107 3049 nobis
1151 2999 1452 3051 auctoritas
1497 3005 1738 3066 praesto
1775 3005 1890 3058 est,-:
1927 3006 1982 3049 ut
2022 2996 2211 3067 jamdiu

357 3097 478 3141 ante
526 3086 876 3141 Tertullianus
925 3083 1054 3138 Afer
1111 3082 1223 3155 (De
1271 3083 1599 3157 praescript„
1630 3101 1690 3139 es
1717 3083 1862 3151 36⁶)
1914 3083 2207 3156 scripserat.

359 3168 535 3225 Ceteri
573 3172 725 3237 enim,
764 3172 883 3227 lieet
920 3184 1214 3244 magnarum
1255 3172 1450 3228 urbium
1479 3171 1777 3225 Occidentis
1803 3169 2059 3242 Episcopi,
2098 3173 2206 3224 nul«

377 3277 459 3311 ιιιιι
497 3278 587 3331 per
625 3277 680 3314 se
711 3259 1099 3332 jurisdictionis
1133 3259 1434 3317 titulnmvin
1471 3257 2060 3324 Afrieantobtinebant,
2111 3259 2210 3312 nisi

356 3355 605 3414 quatenus
618 3383 628 3389 -
641 3347 775 3401 uniti
809 3346 1044 3400 Romano
1083 3346 1323 3400 Antistiti
1355 3347 1410 3398 in
1450 3345 1618 3416 aliqua
1660 3347 1860 3418 >syn‘ffllo
1908 3357 2070 3400 unam·
2097 3343 2211 3399 euin

356 3451 418 3487 eo
459 3433 764 3488 sententiam
801 3434 1045 3487 ferebant.
1108 3433 1179 3489 ln
1218 3451 1278 3489 ea
1316 3442 1506 3499 autem,⁴
1537 3427 1685 3502 quam
1708 3433 2059 3505 exposuimuS,
2098 3431 2208 3487 ani-
