2326 3854
679 238 843 246 --—
938 205 1278 260 77·———-

85 378 475 445 Barbenyensis
513 375 762 432 clericus,
808 373 1012 422 nomine
1059 367 1383 424 Cuilibertus,
1422 364 1654 414 Romani
1693 365 1874 416 Ponti-

79 465 193 532 ficis
224 462 480 528 primatui
515 460 773 525 deroyare
809 456 1003 517 volens,
1041 457 1101 516 in,
1122 453 1340 502 mediam
1376 450 1631 519 synodum
1666 467 1721 499 se
1756 469 1874 501 con-

83 549 204 599 tulit
267 562 503 597 asserens
561 542 827 592 Romanos
886 539 1172 605 Pontifices
1227 537 1365 587 hunc
1433 535 1532 585 sibi
1589 537 1873 601 primatum

85 634 408 698 ascripsisse,
442 646 546 678 non
584 626 797 677 aliunde
836 640 1134 675 concessum
1173 622 1513 678 hereditasse,
1549 620 1794 669 videlicet
1818 625 1876 669 ut

84 717 259 768 nullus
295 716 359 765 de
407 729 584 763 eorum
602 711 816 779 judicio
837 709 1091 778 judicare
1130 706 1342 764 debeat,
1397 722 1493 754 nec
1529 705 1613 754 illi
1649 705 1874 774 aliqu‘us

69 799 279 871 judicio
315 797 632 865 subjaceant.
717 794 821 851 Qui
855 811 970 843 cum
1007 797 1189 857 aperte
1240 809 1273 839 a
1311 795 1422 839 tota
1457 791 1658 858 synodo
1695 792 1876 855 confu-

83 878 302 942 taretur,
330 883 613 948 praecipue
648 886 819 929 tamen
858 897 890 928 a
929 877 1155 945 quodam
1192 876 1329 925 laico
1367 876 1631 924 convictus
1669 881 1748 924 est
1773 891 1876 940 per

83 969 220 1021 illud
254 966 653 1032 Evanyelicum,
700 963 822 1013 Non
874 968 950 1011 est
995 960 1288 1027 discipulus
1342 977 1506 1025 supra
1551 961 1873 1026 mayistrum.

90 1053 215 1104 Cum
252 1053 386 1102 enim
434 1050 534 1099 lcoc
565 1048 886 1116 yeneraliter
940 1048 994 1095 in
1042 1045 1274 1095 omnibus
1311 1044 1700 1094 Ecclesiasticis
1738 1045 1878 1094 ordi-

82 1139 230 1189 nibus
277 1135 654 1196 observandum
702 1134 1011 1199 deputetur,
1058 1129 1169 1178 NE·
1199 1125 1449 1179 MAIOR
1485 1125 1535 1175 A
1572 1127 1881 1177 MINORE

84 1218 559 1275 JUDJCETUR:
612 1212 718 1285 qui'
754 1217 853 1267 lwc
914 1214 1124 1265 Vicario
1183 1214 1354 1262 sancti
1401 1210 1556 1261 Petri
1615 1214 1877 1279 denegare

76 1310 267 1374 potuit,
304 1322 452 1373 quem
488 1320 662 1353 omnes
698 1284 950 1352 catholici
986 1317 1092 1365 pro
1130 1297 1362 1347 Domino
1414 1302 1466 1346 et
1509 1299 1759 1363 mayistro
1799 1316 1877 1347 ve-

81 1393 369 1442 nerantur?
434 1385 553 1438 Non
599 1386 755 1437 solum
801 1381 1072 1454 praemissa
1117 1380 1354 1450 primatus
1401 1380 1555 1444 ratio,
1605 1381 1691 1432 sed
1728 1381 1876 1433 etiam

81 1472 431 1542 Evangelicum
466 1470 597 1534 illud,
636 1471 759 1520 Non
799 1476 877 1520 est
912 1467 1201 1533 discipulus
1238 1484 1404 1533 supra
1439 1468 1761 1532 mayistrum,
1798 1483 1879 1517 re-

84 1558 305 1610 feruntur
340 1557 398 1607 ad
433 1554 718 1626 principium
756 1553 889 1606 omni
918 1555 1032 1622 jure
1070 1559 1266 1616 notum,
1305 1567 1400 1618 quo
1440 1550 1665 1619 superior
1704 1551 1764 1602 ab
1802 1550 1875 1602 in-

83 1641 310 1693 feriorum
337 1639 675 1710 jurisdictione
712 1637 963 1690 eximitur.

227 1724 309 1775 14.
383 1723 526 1776 Hanc
563 1723 764 1776 eandem
801 1721 1072 1773 doctrinam
1120 1719 1339 1789 viguisse
1377 1720 1524 1772 etiam
1562 1721 1685 1791 apud
1723 1718 1878 1772 Galli-

84 1825 234 1860 canos
283 1806 634 1860 saeculolXII.
684 1825 752 1858 ex
795 1806 947 1860 Ivone
990 1805 1236 1876 Episcopo
1275 1803 1580 1858 Caruotensi
1629 1805 1875 1857 discimus.

84 1891 403 1962 Privilegitun
441 1893 499 1944 de
539 1890 850 1952 ‚investituris
889 1909 918 1942 a
956 1889 1186 1943 Paschali
1220 1889 1308 1955 ΙΙ.,
1355 1909 1443 1960 per
1488 1890 1586 1944 vim
1623 1890 1750 1943 licet
1786 1909 1878 1942 ex-

82 1986 280 2042 tortum,
317 1993 521 2046 magnas
555 1985 662 2026 toto
698 1973 982 2028 Christiano
1019 1977 1138 2027 orbe
1174 1977 1346 2027 turbas
1386 1975 1715 2042 excitaverat,
1754 1977 1877 2026 mul-

82 2062 242 2129 tisque
291 2060 409 2113 haec
458 2060 678 2129 quaestio
725 2061 785 2112 ad
831 2061 970 2112 fidem
1018 2061 1268 2131 pertinere
1315 2059 1588 2112 videbatur.
1675 2059 1783 2112 Hac
1821 2061 1878 2112 de

84 2163 231 2198 causa
268 2146 449 2215 aliquot
483 2145 715 2216 Episcopi
753 2147 861 2198 zelo
899 2146 1109 2216 permoti
1146 2144 1349 2197 eundem
1392 2141 1683 2196 Pontificem
1722 2146 1878 2197 duxe-

83 2240 198 2281 runt
250 2230 591 2294 excitandum,
657 2241 712 2281 ut
773 2231 931 2300 ipsum
986 2230 1292 2300 privilegium
1344 2239 1624 2281 revocaret.
1719 2228 1877 2282 Guido

84 2314 386 2370 Viennensis
433 2315 848 2385 Archiepisoopns
903 2325 952 2367 et
999 2314 1320 2384 Apostolicae
1382 2313 1511 2365 sedis
1555 2314 1749 2382 legatus
1795 2333 1875 2366 an.

10 2443 12 2445 .
87 2399 241 2452 1112.
292 2407 460 2451 coacto
514 2399 566 2451 in
615 2417 704 2450 sua
750 2398 1018 2469 Metropoli
1069 2396 1358 2468 provinciali
1405 2398 1635 2464 concilio,
1685 2399 1737 2450 in
1784 2419 1878 2468 quo

85 2483 289 2534 aderant
337 2480 392 2534 S.
430 2482 576 2552 Hugo
615 2481 1103 2554 Gratianopolitanus
1151 2493 1201 2535 et
1248 2481 1304 2534 S.
1345 2480 1636 2535 Godefridus
1672 2484 1879 2536 Ambia-

84 2567 252 2619 nensis
286 2565 545 2637 Episcopi,
583 2567 710 2619 idem
744 2567 1054 2638 privilegium
1092 2567 1318 2632 rescidit3
1371 2576 1420 2618 et
1455 2568 1566 2619 data
1603 2569 1663 2619 ad
1700 2568 1878 2621 Ponti-

85 2651 220 2704 ficem
258 2650 463 2720 epistola
500 2670 598 2703 una
645 2671 751 2704 cum
802 2653 985 2723 synodi
1021 2650 1261 2717 decretiS‚
1307 2650 1480 2718 quibus
1518 2670 1689 2705 omnes
1712 2654 1870 2724 «pl-ivi.

86 2735 262 2804 legium
300 2735 618 2802 rescideram,
659 2737 1078 2789 confirmationem
1118 2734 1332 2787 omnium
1369 2736 1567 2788 nomine
1604 2738 1746 2807 petiit
1787 2740 1878 2791 hac

89 2817 461 2870 comminatione
487 2819 673 2870 addita:
718 2822 794 2880 Si,
831 2824 975 2888 quod
1007 2825 1211 2872 minime
1239 2823 1517 2884 credimus,
1558 2824 1719 2873 aliam
1743 2827 1878 2874 viam

87 2904 308 2970 ayyredz'
342 2907 636 2969 coeperitis,
673 2911 725 2954 et
755 2911 969 2955 nostrae
1001 2909 1338 2971 paternitatis
1377 2910 1692 2958 assertiones
1729 2910 1878 2959 robo-

85 3007 208 3039 rare
243 2989 518 3038 nolueritis
529 3006 546 3047 ,-
575 2991 843 3053 propitius
879 2992 949 3039 sit
969 2990 1116 3039 nobis
1141 2990 1308 3048 Deus,
1345 2994 1468 3056 quia
1503 3009 1599 3042 nos
1638 3011 1670 3042 a
1706 3000 1879 3044 vestra

87 3073 379 3123 obedientia
416 3073 698 3139 repelletis.
771 3071 823 3122 Id
862 3070 1023 3124 autem
1071 3072 1166 3124 etsi
1203 3073 1383 3141 aliquid
1421 3074 1698 3126 schismatis
1735 3077 1879 3127 redo-

86 3157 212 3219 leat,
256 3174 356 3206 non
392 3165 555 3207 tamen
584 3158 668 3225 jus
707 3156 899 3223 aliquod
945 3156 996 3206 in
1032 3154 1323 3208 Pontificem
1370 3157 1571 3208 indicat.
1646 3157 1720 3209 Ita
1756 3177 1877 3211 vero

86 3239 392 3290 nihilominus
429 3240 718 3292 exorbitans
754 3240 894 3293 [voni
939 3239 1097 3292 visum
1136 3250 1240 3303 est,
1293 3250 1348 3291 ut
1386 3241 1540 3309 (quod
1576 3240 1638 3292 P.
1679 3240 1878 3295 Natalis

87 3321 626 3376 Alexander'Dissert.
653 3325 703 3374 4.
742 3324 793 3374 in
819 3342 950 3376 saec.
994 3322 1111 3373 XII.
1158 3334 1253 3375 art.
1307 3324 1390 3376 12.
1430 3324 1649 3395 notavit)
1689 3344 1876 3379 summo

90 3405 315 3460 Pontifici
353 3409 538 3460 erranti
573 3427 671 3460 non
710 3408 866 3461 minas
904 3408 1149 3461 scissurae
1196 3408 1538 3473 intentandaS,
1589 3429 1679 3463 nec
1719 3414 1779 3463 de
1817 3431 1874 3464 eo
