2326 3854
914 142 1569 202 -ss—216—

891 479 1310 555 CAPUT
1382 479 1593 556 VIII.

311 640 699 697 Observationes
732 643 788 686 in
819 640 929 687 alia
961 641 1220 702 quaedam
1241 639 1489 688 Febronii
1519 615 1648 696 loca,
1706 657 1839 702 quae
1871 646 1967 688 etsi
1987 645 2050 688 ⁴in
2081 657 2169 689 an-

305 699 648 747 tecedentibus
686 705 1061 762 praetermissa
1097 704 1204 746 sint
1233 706 1484 761 tanquam
1523 717 1627 748 non
1667 706 1960 747 necessaria
1993 703 2169 760 confu-

304 761 463 807 tando
519 760 662 807 illius
713 765 1004 820 systemati,
1048 767 1484 882 P}‘{Jgg⁷}}2,t.ssmen
1530 762 1764 823 aliquam
1804 762 2170 822 difficultatem

309 1044 450 1091 Quam
481 1045 593 1086 male
624 1057 677 1086 ex
709 1049 827 1087 tea-tn
863 1047 1072 1088 Actorum
1105 1059 1141 1088 c.
1173 1046 1216 1088 8.
1251 1058 1292 1087 υ.
1329 1046 1401 1086 14.
1459 1043 1701 1086 Febronius
1731 1057 1829 1087 cum
1865 1037 2056 1088 Ger-rone
2084 1049 2172 1089 col—

301 1105 431 1156 ligat,
467 1104 514 1150 S.
548 1105 726 1147 Petrum
749 1107 898 1159 fuisse
927 1108 1152 1149 subditum
1183 1107 1410 1159 Apo-stolis
1441 1105 1540 1161 (seu
1573 1105 1814 1160 Ecclesiae)
1848 1107 1926 1160 qui
1956 1118 2054 1148 eum
2077 1119 2174 1150 cum

893 1168 1063 1209 Joanne
1094 1167 1307 1208 mise-runt
1341 1166 1604 1226 Samariam.

446 1263 741 1321 ‚Febronius
778 1267 995 1322 recitato
1034 1278 1190 1323 textu
1226 1268 1474 1322 Actorum
1510 1267 1567 1334 8,
1596 1267 1679 1321 14.
1745 1268 1877 1321 Cum
1902 1269 2177 1322 audissent

307 1351 580 1422 Apostoli,
618 1358 712 1425 qui
749 1363 911 1409 erant
949 1358 1364 1428 Hierosolymis,
1401 1356 1550 1425 quod
1584 1358 1880 1424 recepisset
1918 1355 2175 1409 Samaria

303 1441 521 1493 verbum
558 1442 699 1504 Dei,
747 1444 1007 1497 mis-erunt
1058 1446 1135 1497 ad
1181 1463 1275 1497 eos
1328 1443 1562 1496 Petrum.
1605 1450 1656 1496 et
1702 1443 2002 1507 Joannem3
2049 1439 2177 1494 banc

304 1525 556 1582 Gersonis
595 1529 994 1602 explicationem
1033 1529 1247 1601 subjecit
1287 1527 1428 1602 (cap.
1471 1528 1522 1582 l.
1561 1528 1611 1598 ἓ.
1650 1528 1704 1582 4.
1745 1547 1795 1582 n.
1818 1527 1951 1600 23.)=
2016 1529 2176 1582 Mise-

304 1623 437 1670 runt
483 1620 541 1669 in
597 1618 908 1672 Samariam
948 1619 1176 1674 Petrum
1228 1624 1282 1671 et
1317 1618 1587 1670 Joannem
1634 1624 1892 1686 tanquam
1916 1615 2177 1668 subditos

307 1704 614 1773 Ecclesiae,
647 1704 698 1757 id
724 1714 806 1758 est
829 1705 1219 1778 Apostolorum,
1259 1702 1345 1775 qui
1384 1720 1472 1757 eos
1508 1701 1563 1755 in
1588 1699 1877 1758 Samariam
1915 1700 2183 1756 miserant„

305 1787 366 1844 Si
401 1791 515 1861 ille,
555 1791 640 1863 qui
675 1791 920 1862 mittitur,
959 1791 1191 1847 subditus
1224 1790 1469 1845 „dicendus
1507 1798 1647 1844 esset
1683 1790 1815 1861 ejuS,
1867 1788 1955 1860 qui
1993 1789 2177 1856 mittit3

308 1875 408 1932 Dei
447 1877 632 1947 Filius,
671 1878 758 1950 qui
795 1900 827 1935 a
862 1879 1026 1935 Patre
1063 1879 1251 1934 missus
1289 1878 1384 1931 fuit
1419 1877 1475 1931 in
1514 1878 1768 1944 mundum,
1802 1877 2036 1931 subditus
2073 1875 2178 1932 Pa·

302 1965 401 2018 tris
439 1966 537 2020 dici
574 1966 810 2034 deberet,
849 1958 983 2039 quod
1020 1987 1053 2022 a
1089 1965 1335 2022 catholica
1372 1963 1614 2019 doctrina
1639 1965 1900 2020 abhorret.
1945 1964 2178 2021 ,Advor-

305 2052 460 2122 sarii,
499 2053 585 2124 qui
621 2072 802 2109 vocum
839 2054 1165 2126 quaestiones
1201 2052 1604 2125 reprehendunt,
1642 2062 1697 2106 et-
1727 2051 1782 2106 -in
1817 2050 2179 2124 jurisdictionis

306 2138 557 2212 primatu,
616 2159 764 2212 quem
799 2140 964 2211 Petro
1022 2140 1266 2213 denegari
1324 2157 1428 2194 non
1461 2157 1635 2212 posse
1690 2141 1918 2205 fatentur
1935 2170 1967 2204 ‚··
1990 2140 2178 2204 ¹verba,

306 2245 450 2298 quae·
472 2226 768 2300 imperium,
819 2229 1157 2294 dominatum,
1208 2246 1268 2282 ac
1304 2236 1482 2300 typum
1511 2225 2073 2299 >superbiae‘spinantff
2093 2226 2182 2283 de·-

304 2323 597 2384 testantur3
635 2320 1064 2379 vocantis-erunt,
1103 2327 1235 2386 quae
1271 2333 1363 2387 per
1402 2332 1460 2368 se
1496 2312 1928 2380 indifferens-est,
1967 2314 2180 2371 abutun-

305 2411 416 2468 tur,
462 2411 518 2456 ut
555 2401 787 2458 Petrum*
821 2403 955 2458 haud
1001 2403 1147 2463 dubie
1183 2401 1554 2475 Apostolorum·
1585 2399 1878 2475 Principem
1920 2402 2042 2473 jure,
2072 2400 2182 2477 pri·

307 2499 491 2553 matuS‚
527 2491 652 2564 ipsis
690 2491 959 2565 Appostolis
980 2501 1051 2547 ¹et
1081 2489 1351 2548 Ecclesiae
1383 2488 1639 2562 subditum
1671 2488 1912 2544 indicent.
1969 2487 2028 2543 ld·
2062 2508 2182 2561 pro.-

306 2581 439 2632 secto
479 2578 873 2634 alienissimum„
900 2578 1117 2639 ¹l'uitnab
1162 2576 1532 2650 Apostolorum
1568 2576 1802 2649 ,spii-itm.
1830 2575 1924 2647 qui
1980 2573 2181 2631 Christi

307 2664 542 2720 doctrina
590 2675 654 2719 *et
704 2666 958 2737 ‚exemplo
1000 2664 1189 2719 aimbnti
1204 2703 1219 2730 ,
1281 2663 1408 2717 nihil
1455 2663 1820 2717 contendentes
1883 2662 1996 2733 quis
2043 2662 2180 2718 inte-r

307 2752 446 2824 ipsos
484 2762 624 2807 esset
660 2754 822 2825 major
853 2752 943 2807 vel.
975 2751 1159 2819 minor,
1195 2750 1481 2806 didicerunt
1507 2751 1749 2822 majorem
1788 2769 1859 2806 ex
1898 2749 2181 2805 humilitate

308 2839 492 2894 debere
537 2840 740 2894 minora
790 2839 953 2893 officia
1000 2839 1288 2912 suscipere,
1337 2856 1432 2892 nec
1469 2856 1532 2900 ea
1570 2839 1834 2910 refugere,
1886 2857 2016 2909 quae
2054 2837 2184 2892 infe-

309 2927 528 2982 rioribus
567 2929 736 2983 solent
772 2926 1065 2982 convenire.
1144 2924 1285 2986 Cum,
1312 2925 1554 2999 Apostoli
1591 2924 1804 2981 Petrum
1842 2935 1895 2980 et
1929 2924 2182 2981 Joannem

309 3014 558 3068 miserunt
607 3015 661 3069 in
707 3014 1028 3081 Samariam,
1092 3032 1187 3068 nec
1239 3012 1450 3086 majoris
1497 3032 1592 3068 nec
1649 3014 1863 3068 minoris
1912 3031 2182 3086 personam

301 3102 674 3175 respiciebant,
712 3102 803 3156 sed
839 3103 900 3156 de
939 3101 1276 3157 conversione
1315 3119 1509 3167 eorum,
1549 3100 1633 3171 qui
1671 3100 1724 3154 in
1762 3099 1999 3158 Samaria
2038 3118 2180 3154 rece-

311 3200 494 3261 perant
557 3191 770 3246 verbum
824 3188 926 3245 Dei
991 3189 1300 3262 gaudentes,
1366 3188 1622 3259 missione,
1654 3186 1803 3242 Petri
1858 3197 1910 3242 et
1963 3187 2180 3243 Joannis

311 3274 660 3348 Apostolicam
714 3296 888 3332 curam
937 3287 989 3331 et
1037 3275 1422 3330 sollicitudinem
1461 3275 1523 3330 ad
1569 3275 1664 3329 hoe
1700 3274 2052 3346 perficiendum
2092 3293 2183 3329 ne·-

314 3363 617 3430 cessariam,
669 3365 733 3418 ab
785 3364 1034 3435 aliquibus
1080 3363 1221 3418 inter
1259 3363 1398 3436 ipsos
1450 3361 1807 3436 praestandam
1847 3372 2181 3429 censuerunt}

314 3468 524 3521 eamque
550 3449 740 3506 Petrus
779 3452 898 3507 licet
935 3453 1093 3523 major
1132 3469 1231 3506 una
1271 3470 1379 3505 cum
1405 3449 1607 3506 Joanne
1646 3448 1975 3504 libentissime
2014 3468 2184 3506 susce-
