2326 3854
665 239 825 246 -——
925 205 1040 261 111
1135 233 1303 242 ---

83 370 287 428 concilio
327 372 520 424 ratione
558 371 819 442 primatuS,
867 371 1003 440 cujus
1041 385 1187 421 causa
1224 365 1317 418 toti
1353 363 1606 418 Ecclesiae
1645 364 1792 416 etiam
1829 364 1880 415 in

83 457 285 512 concilio
343 457 584 509 adunatae
632 455 976 526 jurisdictione
1023 452 1300 523 praefectus
1347 460 1424 504 est
1480 451 1609 502 bono
1658 448 1881 513 unitatis,

82 545 250 596 eadem
297 541 524 595 Ecclesia
569 552 619 594 et
662 540 929 595 universali
975 538 1181 591 concilio
1227 536 1402 590 evadat
1437 535 1669 598 inferior,
1718 551 1775 586 ac
1811 533 1883 584 id-

82 629 211 681 circo
259 628 311 680 in
355 628 512 697 ipsum
548 627 850 696 superiorem
896 641 1035 674 suum
1071 621 1297 675 Ecclesia
1343 631 1392 673 et
1439 619 1693 673 concilium
1724 618 1881 688 juris-

82 713 340 766 dictionem
388 712 598 763 nondum
643 711 928 780 probatam,
978 708 1126 759 immo
1173 717 1249 759 tot
1282 707 1533 761 veteribus
1580 703 1882 757 documentis

82 799 394 868 reprobatam
431 795 703 863 acquirant.
778 793 916 846 Haec
963 802 1131 845 tamen
1177 792 1492 845 necessitatis
1536 791 1663 843 ratio
1705 790 1757 840 in
1795 806 1884 840 an-

81 883 239 952 gustis
276 892 324 934 et
359 878 740 934 involutissimis
771 880 872 948 ejus
909 878 1145 949 temporis
1179 876 1561 930 circumstantiis
1597 876 1669 926 ita
1704 873 1884 926 efficax

84 967 389 1034 maximeque
426 963 691 1034 probabilis
728 963 885 1016 videri
920 964 1077 1034 potuit
1115 960 1519 1019 Constantiensis
1546 958 1756 1013 Concilii
1781 957 1884 1010 Pa-

7 1080 18 1087 2
81 1052 265 1114 tribus,
312 1060 367 1101 ut
412 1058 645 1120 putarent
693 1049 914 1109 decreta?
937 1049 1187 1101 condenda
1225 1065 1295 1099 ex
1341 1063 1427 1109 co,
1484 1047 1612 1114 quod
1648 1043 1885 1115 expedire

82 1136 353 1199 videbatur,
389 1134 787 1203 quemadmodum
822 1133 929 1186 fieri
965 1134 1222 1207 consuevit
1257 1131 1406 1184 etiam
1443 1131 1495 1181 in
1532 1130 1650 1182 aliis*
1678 1130 1885 1182 aliarum

83 1222 382 1292 synodorum
427 1219 667 1283 decretis,
723 1235 862 1286 quae,
907 1217 1193 1272 necessitati
1249 1232 1497 1285 congrua,
1550 1215 1660 1266 fidei
1709 1215 1886 1282 dogma

84 1324 181 1358 non
219 1304 546 1358 constituunt:
583 1303 726 1371 idque
745 1303 1080 1372 proculdubio
1109 1300 1391 1372 significare
1416 1300 1632 1355 voluisse
1656 1299 1886 1352 videntur

83 1392 249 1454 verba,
285 1389 456 1457 quibus
490 1388 542 1439 in
580 1387 704 1440 actis
742 1397 961 1440 notatum
998 1388 1105 1452 fuit,
1144 1389 1312 1440 eadem
1338 1388 1536 1439 decreta
1570 1386 1724 1437 fuisse
1758 1384 1885 1436 lecta

83 1486 132 1528 et
176 1475 421 1546 publicata
468 1491 572 1542 per
619 1476 830 1525 modum
875 1476 1304 1525 constitutionum
1356 1473 1705 1541 Synodalium
1728 1505 1731 1506 γ
1753 1470 1886 1521 nulla

83 1559 376 1630 interposita
411 1559 520 1614 fidei
556 1568 692 1610 nota.

225 1646 272 1698 7.
347 1640 459 1708 Qua
504 1643 562 1693 de
611 1660 666 1693 ie
710 1659 773 1693 ne
822 1642 1059 1712 quispiam
1084 1642 1314 1705 dubitet,
1361 1641 1722 1694 animadvertat
1758 1638 1884 1692 Ger-

85 1745 281 1791 sonem,
330 1728 411 1796 qui
457 1727 571 1778 lieet
617 1726 801 1796 passim
848 1737 961 1797 post
1006 1728 1204 1779 decreta
1254 1725 1662 1779 Constantiensia
1702 1726 1887 1778 audens

86 1811 307 1866 haeresis
355 1803 531 1863 notam*
581 1809 803 1863 inureret
862 1813 1162 1864 contrarium
1221 1813 1603 1876 sentientibus,-
1641 1829 1740 1863 non
1783 1828 1885 1862 uno

82 1910 248 1950 tamen
287 1897 338 1948 in
373 1898 479 1949 loco
517 1894 624 1965 (De
659 1898 842 1966 potest.
879 1895 1017 1949 Eccl.
1057 1897 1242 1950 consid.
1271 1898 1356 1949 12.
1396 1906 1447 1948 et
1483 1895 1632 1948 serm‘.
1669 1896 1721 1947 in
1758 1897 1886 1948 festo

85 1983 140 2036 S.
179 1981 416 2052 Antonii)
473 1981 620 2032 fateri
669 1981 859 2045 debuit,
917 1984 1180 2034 eorundem
1238 1984 1545 2034 decretorum
1593 1981 1885 2046 doctrinam,

85 2069 230 2121 ctiam
277 2077 498 2136 tempore
547 2066 765 2135 ejusdem
809 2067 987 2136 synodi
1029 2069 1215 2135 palam
1269 2067 1421 2119 fuisse
1476 2067 1806 2137 impugnatam
1858 2086 1888 2119 a

84 2153 277 2216 multiS,
327 2150 409 2220 qui
454 2160 619 2203 tamen
669 2169 769 2202 non
816 2152 997 2205 idcirco
1060 2171 1091 2204 a
1135 2151 1373 2204 Patribus
1422 2148 1887 2205 Constantiensibus

85 2236 326 2301 haeretici„
356 2234 509 2287 habiti
545 2245 676 2290 sunt.
750 2236 803 2287 Id
839 2238 1167 2307 exploratum¹
1189 2238 1273 2290 fiet
1307 2237 1439 2290 inter
1477 2238 1575 2290 alia
1611 2251 1681 2290 ex
1707 2238 1889 2291 celebri

87 2320 372 2390 quaestione
393 2357 406 2383 ,
445 2338 570 2388 quae
603 2320 655 2371 in
693 2321 861 2373 eadem
898 2322 1086 2392 synodo
1137 2332 1269 2374 mota
1314 2323 1409 2377 fuit
1452 2333 1564 2392 post
1598 2341 1767 2375 eorum
1805 2325 1889 2376 de-

87 2416 332 2459 cretorum
381 2404 661 2457 editionem.
739 2404 865 2458 Cum
913 2407 1160 2460 decretum
1207 2417 1383 2461 contra
1431 2425 1629 2461 errores
1668 2407 1888 2461 Wicleffi

84 2501 308 2562 paratum
346 2489 519 2542 fuisset
554 2496 665 2560 post
701 2500 925 2560 quartam
962 2502 1013 2545 et
1050 2493 1269 2561 quintam
1306 2493 1595 2561 sessionem,
1634 2494 1889 2565 proposita

86 2577 176 2628 fuit
212 2575 614 2645 quaestio,‘num
652 2573 854 2646 Papae,
897 2593 961 2629 an
1000 2576 1192 2630 concilii
1230 2579 1425 2630 nomine
1474 2579 1600 2630 idem
1637 2580 1886 2631 decretum

88 2670 220 2714 esset
255 2661 673 2731 promulgandum.
765 2658 976 2714 Habitus
1024 2663 1115 2715 bac
1162 2664 1220 2716 de
1269 2682 1324 2716 re
1363 2663 1731 2734 Theologorum
1770 2682 1887 2716 con-

2 2791 4 2793 .
87 2756 291 2809 ventus,
336 2745 388 2796 in
434 2762 528 2813 quo
570 2742 847 2798 Cardinalis
883 2744 1263 2800 Cameracensis
1311 2764 1400 2821 pro
1441 2732 1641 2802 *concilii
1690 2751 1888 2802 nomine

88 2830 336 2882 disseruit.
421 2829 496 2879 At
549 2846 619 2881 ex
675 2827 1000 2900 quadraginta
1036 2827 1336 2885 Doctoribus
1391 2834 1639 2886 duodecim
1694 2845 1886 2887 tantum

8 2920 13 2922 ’
90 2914 369 2967 Cardinalis
417 2913 692 2965 sententiae
747 2916 1057 2980 faventibus,
1113 2914 1269 2969 ceteri
1314 2918 1671 2970 contenderunt
1716 2917 1888 2989 Papae

88 2999 284 3051 nomine
320 2997 617 3051 definitivam
655 3000 951 3051 sententiam
988 3016 1100 3052 esse
1148 3002 1489 3070 promendam,
1537 3001 1887 3072 Cardinalique

90 3098 226 3135 snam
262 3083 539 3153 opinionem
579 3083 742 3135 acrius
779 3084 1110 3155 propugnanti
1145 3085 1250 3137 fere
1298 3100 1469 3139 omnes
1506 3088 1558 3139 in
1594 3087 1769 3140 faciem
1806 3106 1887 3140 re-

90 3167 338 3218 stiterunt.
412 3163 667 3233 Quomodo
717 3168 839 3221 haec
873 3178 986 3238 post
1020 3178 1217 3221 sextam
1265 3167 1536 3223 sessionem
1573 3182 1722 3224 enata
1756 3172 1887 3224 inter

90 3249 373 3321 Theologos
408 3253 694 3311 contentio?
734 3252 791 3306 Si
826 3254 1023 3306 decreta
1061 3253 1336 3306 sessionum
1373 3263 1577 3323 quart-ae
1615 3266 1664 3309 et
1688 3257 1887 3326 quintae

91 3335 198 3387 sine
234 3334 402 3405 Papae
424 3338 629 3391 nomine
665 3338 795 3391 edita
830 3348 1062 3407 tanquam
1098 3339 1210 3391 fidei
1246 3340 1360 3392 deci
1362 3349 1445 3392 eta
1481 3341 1731 3411 proposita
1766 3343 1886 3395 fuis-

92 3429 219 3483 sent,
256 3419 337 3487 qui
375 3420 510 3474 locus
535 3438 646 3475 esse
682 3433 877 3493 poterat
915 3422 1207 3492 ambigendi,
1246 3438 1358 3475 num
1386 3426 1725 3478 condemnatio
1763 3428 1880 3480 arti-
