<?xml version="1.0" encoding="UTF-8"?>
<!DOCTYPE html PUBLIC "-//W3C//DTD XHTML 1.0 Transitional//EN"
    "http://www.w3.org/TR/xhtml1/DTD/xhtml1-transitional.dtd">
<html xmlns="http://www.w3.org/1999/xhtml" xml:lang="en" lang="en">
 <head>
  <title>
</title>
<meta http-equiv="Content-Type" content="text/html;charset=utf-8" />
  <meta name='ocr-system' content='tesseract 3.04.00' />
  <meta name='ocr-capabilities' content='ocr_page ocr_carea ocr_par ocr_line ocrx_word'/>
</head>
<body>
  <div class='ocr_page' id='page_1' title='image "./ra546170800balluoft_0295.png"; bbox 0 0 2326 3854; ppageno 0'>
   <div class='ocr_carea' id='block_1_1' title="bbox 676 247 1318 302">
    <p class='ocr_par' dir='ltr' id='par_1_1' title="bbox 676 247 1318 302">
     <span class='ocr_line' id='line_1_1' title="bbox 676 247 1318 302; baseline 0 0"><span class='ocrx_word' id='word_1_1' title='bbox 676 247 1318 302; x_wconf 38' lang='lat'><strong>*229*</strong></span> 
     </span>
    </p>
   </div>
   <div class='ocr_carea' id='block_1_2' title="bbox 47 406 1924 3545">
    <p class='ocr_par' dir='ltr' id='par_1_2' title="bbox 47 406 1900 977">
     <span class='ocr_line' id='line_1_2' title="bbox 96 406 1894 489; baseline -0.004 -19"><span class='ocrx_word' id='word_1_2' title='bbox 96 418 333 489; x_wconf 88' lang='lat' dir='ltr'>primatus</span> <span class='ocrx_word' id='word_1_3' title='bbox 383 419 466 487; x_wconf 89' lang='lat' dir='ltr'>jus</span> <span class='ocrx_word' id='word_1_4' title='bbox 521 413 753 484; x_wconf 82' lang='lat' dir='ltr'>peculiari</span> <span class='ocrx_word' id='word_1_5' title='bbox 795 414 905 483; x_wconf 89' lang='lat' dir='ltr'>jure</span> <span class='ocrx_word' id='word_1_6' title='bbox 960 410 1287 483; x_wconf 88' lang='lat' dir='ltr'>patriarchico</span> <span class='ocrx_word' id='word_1_7' title='bbox 1342 409 1395 460; x_wconf 90' lang='lat' dir='ltr'>in</span> <span class='ocrx_word' id='word_1_8' title='bbox 1448 406 1702 460; x_wconf 89' lang='lat' dir='ltr'>Ecclesias</span> <span class='ocrx_word' id='word_1_9' title='bbox 1751 409 1894 462; x_wconf 86' lang='lat' dir='ltr'>Occi-</span> 
     </span>
     <span class='ocr_line' id='line_1_3' title="bbox 96 492 1898 567; baseline -0.005 -12"><span class='ocrx_word' id='word_1_10' title='bbox 96 504 317 555; x_wconf 90' lang='lat' dir='ltr'>dentales</span> <span class='ocrx_word' id='word_1_11' title='bbox 355 499 608 552; x_wconf 85' lang='lat' dir='ltr'>Romanus</span> <span class='ocrx_word' id='word_1_12' title='bbox 646 497 886 550; x_wconf 80' lang='lat' dir='ltr'><strong>Pontifex</strong></span> <span class='ocrx_word' id='word_1_13' title='bbox 923 498 1243 567; x_wconf 84' lang='lat' dir='ltr'>fungebatur,</span> <span class='ocrx_word' id='word_1_14' title='bbox 1299 513 1394 564; x_wconf 91' lang='lat' dir='ltr'>quo</span> <span class='ocrx_word' id='word_1_15' title='bbox 1432 493 1483 544; x_wconf 92' lang='lat' dir='ltr'>in</span> <span class='ocrx_word' id='word_1_16' title='bbox 1532 492 1657 545; x_wconf 89' lang='lat' dir='ltr'>idem</span> <span class='ocrx_word' id='word_1_17' title='bbox 1694 494 1898 546; x_wconf 88' lang='lat' dir='ltr'>unitatis</span> 
     </span>
     <span class='ocr_line' id='line_1_4' title="bbox 95 577 1896 653; baseline -0.005 -14"><span class='ocrx_word' id='word_1_18' title='bbox 95 589 274 639; x_wconf 89' lang='lat' dir='ltr'>bonum</span> <span class='ocrx_word' id='word_1_19' title='bbox 328 583 530 638; x_wconf 86' lang='lat' dir='ltr'>eandem</span> <span class='ocrx_word' id='word_1_20' title='bbox 584 585 633 635; x_wconf 90' lang='lat' dir='ltr'>in</span> <span class='ocrx_word' id='word_1_21' title='bbox 686 583 937 653; x_wconf 80' lang='lat' dir='ltr'>disciplina</span> <span class='ocrx_word' id='word_1_22' title='bbox 1002 581 1376 636; x_wconf 79' lang='lat' dir='ltr'>consensionem</span> <span class='ocrx_word' id='word_1_23' title='bbox 1434 577 1726 647; x_wconf 84' lang='lat' dir='ltr'>aequissime</span> <span class='ocrx_word' id='word_1_24' title='bbox 1782 598 1896 649; x_wconf 60' lang='lat' dir='ltr'>pro«</span> 
     </span>
     <span class='ocr_line' id='line_1_5' title="bbox 97 662 1898 733; baseline -0.004 -9"><span class='ocrx_word' id='word_1_25' title='bbox 97 673 330 724; x_wconf 79' lang='lat' dir='ltr'>curaret?</span> <span class='ocrx_word' id='word_1_26' title='bbox 404 669 587 722; x_wconf 90' lang='lat' dir='ltr'>Nonne</span> <span class='ocrx_word' id='word_1_27' title='bbox 648 667 822 721; x_wconf 83' lang='lat' dir='ltr'>saltem</span> <span class='ocrx_word' id='word_1_28' title='bbox 883 667 960 720; x_wconf 90' lang='lat' dir='ltr'>hic</span> <span class='ocrx_word' id='word_1_29' title='bbox 1030 667 1318 719; x_wconf 87' lang='lat' dir='ltr'>muniendae</span> <span class='ocrx_word' id='word_1_30' title='bbox 1377 665 1633 733; x_wconf 89' lang='lat' dir='ltr'>utriusque</span> <span class='ocrx_word' id='word_1_31' title='bbox 1691 662 1898 717; x_wconf 87' lang='lat' dir='ltr'>unitatis</span> 
     </span>
     <span class='ocr_line' id='line_1_6' title="bbox 96 749 1900 827; baseline -0.004 -19"><span class='ocrx_word' id='word_1_32' title='bbox 96 774 271 827; x_wconf 90' lang='lat' dir='ltr'>scopus</span> <span class='ocrx_word' id='word_1_33' title='bbox 329 753 491 826; x_wconf 85' lang='lat' dir='ltr'>aptam</span> <span class='ocrx_word' id='word_1_34' title='bbox 544 753 786 805; x_wconf 89' lang='lat' dir='ltr'>rationem</span> <span class='ocrx_word' id='word_1_35' title='bbox 842 753 1086 823; x_wconf 84' lang='lat' dir='ltr'>praefert,</span> <span class='ocrx_word' id='word_1_36' title='bbox 1143 771 1206 804; x_wconf 91' lang='lat' dir='ltr'>ne</span> <span class='ocrx_word' id='word_1_37' title='bbox 1242 749 1518 803; x_wconf 86' lang='lat' dir='ltr'>Innocentii</span> <span class='ocrx_word' id='word_1_38' title='bbox 1574 749 1783 801; x_wconf 86' lang='lat' dir='ltr'>studium</span> <span class='ocrx_word' id='word_1_39' title='bbox 1841 751 1900 801; x_wconf 89' lang='lat' dir='ltr'>ad</span> 
     </span>
     <span class='ocr_line' id='line_1_7' title="bbox 47 835 1899 908; baseline -0.003 -16"><span class='ocrx_word' id='word_1_40' title='bbox 47 857 58 868; x_wconf 64' lang='lat'>²</span> <span class='ocrx_word' id='word_1_41' title='bbox 95 840 428 892; x_wconf 74' lang='lat' dir='ltr'>ostensionem</span> <span class='ocrx_word' id='word_1_42' title='bbox 483 848 533 890; x_wconf 90' lang='lat' dir='ltr'>et</span> <span class='ocrx_word' id='word_1_43' title='bbox 585 839 839 907; x_wconf 83' lang='lat' dir='ltr'>augendae</span> <span class='ocrx_word' id='word_1_44' title='bbox 886 837 1209 908; x_wconf 89' lang='lat' dir='ltr'>Apostolicae</span> <span class='ocrx_word' id='word_1_45' title='bbox 1272 835 1582 889; x_wconf 81' lang='lat' dir='ltr'>auctoritatis</span> <span class='ocrx_word' id='word_1_46' title='bbox 1642 835 1899 888; x_wconf 89' lang='lat' dir='ltr'>consilium</span> 
     </span>
     <span class='ocr_line' id='line_1_8' title="bbox 94 926 411 977; baseline 0 -1"><span class='ocrx_word' id='word_1_47' title='bbox 94 926 411 977; x_wconf 79' lang='lat' dir='ltr'>traducatur?</span> 
     </span>
    </p>

    <p class='ocr_par' dir='ltr' id='par_1_3' title="bbox 89 1005 1905 2271">
     <span class='ocr_line' id='line_1_9' title="bbox 166 1005 1901 1062; baseline -0.001 -2"><span class='ocrx_word' id='word_1_48' title='bbox 166 1011 200 1034; x_wconf 75' lang='grc'>·’</span> <span class='ocrx_word' id='word_1_49' title='bbox 233 1008 348 1062; x_wconf 84' lang='lat' dir='ltr'>Etsi</span> <span class='ocrx_word' id='word_1_50' title='bbox 394 1008 621 1061; x_wconf 87' lang='lat' dir='ltr'>Africani</span> <span class='ocrx_word' id='word_1_51' title='bbox 662 1009 715 1059; x_wconf 92' lang='lat' dir='ltr'>in</span> <span class='ocrx_word' id='word_1_52' title='bbox 762 1008 941 1061; x_wconf 86' lang='lat' dir='ltr'>litteris</span> <span class='ocrx_word' id='word_1_53' title='bbox 1002 1009 1062 1061; x_wconf 87' lang='lat' dir='ltr'>ad</span> <span class='ocrx_word' id='word_1_54' title='bbox 1103 1007 1410 1060; x_wconf 88' lang='lat' dir='ltr'>Bonifacium</span> <span class='ocrx_word' id='word_1_55' title='bbox 1463 1016 1513 1058; x_wconf 90' lang='lat' dir='ltr'>et</span> <span class='ocrx_word' id='word_1_56' title='bbox 1560 1005 1901 1060; x_wconf 86' lang='lat' dir='ltr'>Coelestinum</span> 
     </span>
     <span class='ocr_line' id='line_1_10' title="bbox 96 1085 1902 1166; baseline -0.001 -19"><span class='ocrx_word' id='word_1_57' title='bbox 96 1113 207 1147; x_wconf 89' lang='lat' dir='ltr'>sese</span> <span class='ocrx_word' id='word_1_58' title='bbox 254 1093 572 1166; x_wconf 85' lang='lat' dir='ltr'>opposuerint</span> <span class='ocrx_word' id='word_1_59' title='bbox 634 1085 943 1165; x_wconf 73' lang='lat' dir='ltr'>appellationi</span> <span class='ocrx_word' id='word_1_60' title='bbox 990 1093 1217 1165; x_wconf 87' lang='lat' dir='ltr'>Apiarii,</span> <span class='ocrx_word' id='word_1_61' title='bbox 1277 1111 1364 1145; x_wconf 92' lang='lat' dir='ltr'>seu</span> <span class='ocrx_word' id='word_1_62' title='bbox 1412 1092 1703 1145; x_wconf 87' lang='lat' dir='ltr'>inferiorum</span> <span class='ocrx_word' id='word_1_63' title='bbox 1755 1094 1902 1146; x_wconf 89' lang='lat' dir='ltr'>cleri-</span> 
     </span>
     <span class='ocr_line' id='line_1_11' title="bbox 97 1176 1900 1250; baseline -0.001 -19"><span class='ocrx_word' id='word_1_64' title='bbox 97 1199 263 1232; x_wconf 90' lang='lat' dir='ltr'>corum</span> <span class='ocrx_word' id='word_1_65' title='bbox 311 1181 372 1232; x_wconf 91' lang='lat' dir='ltr'>ad</span> <span class='ocrx_word' id='word_1_66' title='bbox 419 1180 581 1233; x_wconf 88' lang='lat' dir='ltr'>sedem</span> <span class='ocrx_word' id='word_1_67' title='bbox 628 1179 994 1250; x_wconf 81' lang='lat' dir='ltr'>Apostolicam3</span> <span class='ocrx_word' id='word_1_68' title='bbox 1060 1179 1181 1230; x_wconf 91' lang='lat' dir='ltr'>nihil</span> <span class='ocrx_word' id='word_1_69' title='bbox 1235 1188 1403 1230; x_wconf 89' lang='lat' dir='ltr'>tamen</span> <span class='ocrx_word' id='word_1_70' title='bbox 1456 1176 1508 1228; x_wconf 89' lang='lat' dir='ltr'>in</span> <span class='ocrx_word' id='word_1_71' title='bbox 1562 1177 1659 1230; x_wconf 88' lang='lat' dir='ltr'>illis</span> <span class='ocrx_word' id='word_1_72' title='bbox 1720 1178 1900 1247; x_wconf 88' lang='lat' dir='ltr'>detegi,</span> 
     </span>
     <span class='ocr_line' id='line_1_12' title="bbox 95 1261 1901 1337; baseline -0.002 -20"><span class='ocrx_word' id='word_1_73' title='bbox 95 1284 191 1334; x_wconf 90' lang='lat' dir='ltr'>quo</span> <span class='ocrx_word' id='word_1_74' title='bbox 228 1266 564 1337; x_wconf 88' lang='lat' dir='ltr'>Apostolicum</span> <span class='ocrx_word' id='word_1_75' title='bbox 595 1266 676 1334; x_wconf 91' lang='lat' dir='ltr'>jus</span> <span class='ocrx_word' id='word_1_76' title='bbox 713 1274 979 1317; x_wconf 88' lang='lat' dir='ltr'>vocaretur</span> <span class='ocrx_word' id='word_1_77' title='bbox 1023 1264 1074 1315; x_wconf 89' lang='lat' dir='ltr'>in</span> <span class='ocrx_word' id='word_1_78' title='bbox 1111 1263 1338 1326; x_wconf 90' lang='lat' dir='ltr'>dubium,</span> <span class='ocrx_word' id='word_1_79' title='bbox 1388 1261 1485 1314; x_wconf 46' lang='lat' dir='ltr'>sed*</span> <span class='ocrx_word' id='word_1_80' title='bbox 1521 1263 1686 1315; x_wconf 90' lang='lat' dir='ltr'>omnia</span> <span class='ocrx_word' id='word_1_81' title='bbox 1723 1263 1901 1315; x_wconf 84' lang='lat' dir='ltr'>referri</span> 
     </span>
     <span class='ocr_line' id='line_1_13' title="bbox 96 1347 1903 1421; baseline -0.002 -19"><span class='ocrx_word' id='word_1_82' title='bbox 96 1353 155 1402; x_wconf 90' lang='lat' dir='ltr'>ad</span> <span class='ocrx_word' id='word_1_83' title='bbox 200 1350 503 1421; x_wconf 88' lang='lat' dir='ltr'>impedienda</span> <span class='ocrx_word' id='word_1_84' title='bbox 559 1347 778 1418; x_wconf 86' lang='lat' dir='ltr'>improba</span> <span class='ocrx_word' id='word_1_85' title='bbox 832 1348 1050 1419; x_wconf 87' lang='lat' dir='ltr'>ipsorum</span> <span class='ocrx_word' id='word_1_86' title='bbox 1105 1348 1394 1400; x_wconf 89' lang='lat' dir='ltr'>clericorum</span> <span class='ocrx_word' id='word_1_87' title='bbox 1441 1347 1623 1417; x_wconf 86' lang='lat' dir='ltr'>effugia</span> <span class='ocrx_word' id='word_1_88' title='bbox 1668 1357 1719 1399; x_wconf 91' lang='lat' dir='ltr'>et</span> <span class='ocrx_word' id='word_1_89' title='bbox 1767 1348 1903 1399; x_wconf 82' lang='lat' dir='ltr'>frau-</span> 
     </span>
     <span class='ocr_line' id='line_1_14' title="bbox 94 1431 1902 1507; baseline -0.001 -20"><span class='ocrx_word' id='word_1_90' title='bbox 94 1436 207 1507; x_wconf 87' lang='lat' dir='ltr'>des,</span> <span class='ocrx_word' id='word_1_91' title='bbox 258 1434 467 1503; x_wconf 91' lang='lat' dir='ltr'>quaein</span> <span class='ocrx_word' id='word_1_92' title='bbox 507 1434 675 1486; x_wconf 88' lang='lat' dir='ltr'>eadem</span> <span class='ocrx_word' id='word_1_93' title='bbox 712 1433 911 1504; x_wconf 89' lang='lat' dir='ltr'>Apiarii</span> <span class='ocrx_word' id='word_1_94' title='bbox 958 1431 1107 1485; x_wconf 81' lang='lat' dir='ltr'>&#39;causa</span> <span class='ocrx_word' id='word_1_95' title='bbox 1153 1434 1349 1484; x_wconf 81' lang='lat' dir='ltr'>fuerunt</span> <span class='ocrx_word' id='word_1_96' title='bbox 1404 1433 1652 1495; x_wconf 83' lang='lat' dir='ltr'>detectae,</span> <span class='ocrx_word' id='word_1_97' title='bbox 1698 1432 1902 1501; x_wconf 85' lang='lat' dir='ltr'>probavi</span> 
     </span>
     <span class='ocr_line' id='line_1_15' title="bbox 93 1513 1903 1582; baseline -0.001 -11"><span class='ocrx_word' id='word_1_98' title='bbox 93 1521 191 1573; x_wconf 87' lang='lat' dir='ltr'>late</span> <span class='ocrx_word' id='word_1_99' title='bbox 271 1521 322 1571; x_wconf 90' lang='lat' dir='ltr'>in</span> <span class='ocrx_word' id='word_1_100' title='bbox 383 1520 842 1571; x_wconf 79' lang='lat' dir='ltr'>Observationibus</span> <span class='ocrx_word' id='word_1_101' title='bbox 917 1519 977 1571; x_wconf 91' lang='lat' dir='ltr'>ad</span> <span class='ocrx_word' id='word_1_102' title='bbox 1051 1517 1448 1570; x_wconf 86' lang='lat' dir='ltr'>dissertationem</span> <span class='ocrx_word' id='word_1_103' title='bbox 1521 1515 1589 1571; x_wconf 92' lang='lat' dir='ltr'>V.</span> <span class='ocrx_word' id='word_1_104' title='bbox 1648 1513 1903 1582; x_wconf 81' lang='lat' dir='ltr'>Quesnelli</span> 
     </span>
     <span class='ocr_line' id='line_1_16' title="bbox 95 1600 1902 1674; baseline -0.001 -19"><span class='ocrx_word' id='word_1_105' title='bbox 95 1614 223 1674; x_wconf 90' lang='lat' dir='ltr'>part.</span> <span class='ocrx_word' id='word_1_106' title='bbox 264 1605 313 1654; x_wconf 89' lang='lat' dir='ltr'>l.</span> <span class='ocrx_word' id='word_1_107' title='bbox 385 1622 426 1655; x_wconf 91' lang='lat' dir='ltr'>c.</span> <span class='ocrx_word' id='word_1_108' title='bbox 465 1602 548 1657; x_wconf 45' lang='lat'>6(</span> <span class='ocrx_word' id='word_1_109' title='bbox 585 1622 634 1654; x_wconf 91' lang='lat' dir='ltr'>n.</span> <span class='ocrx_word' id='word_1_110' title='bbox 674 1602 761 1656; x_wconf 85' lang='lat'>30.</span> <span class='ocrx_word' id='word_1_111' title='bbox 829 1621 943 1674; x_wconf 87' lang='lat' dir='ltr'>pag.</span> <span class='ocrx_word' id='word_1_112' title='bbox 981 1603 1084 1657; x_wconf 88' lang='grc'>971</span> <span class='ocrx_word' id='word_1_113' title='bbox 1125 1613 1174 1655; x_wconf 92' lang='lat' dir='ltr'>et</span> <span class='ocrx_word' id='word_1_114' title='bbox 1211 1621 1349 1672; x_wconf 87' lang='lat' dir='ltr'>seqq.</span> <span class='ocrx_word' id='word_1_115' title='bbox 1403 1612 1524 1654; x_wconf 89' lang='lat' dir='ltr'>tom.</span> <span class='ocrx_word' id='word_1_116' title='bbox 1564 1603 1615 1653; x_wconf 77' lang='lat'>2.</span> <span class='ocrx_word' id='word_1_117' title='bbox 1686 1600 1902 1672; x_wconf 88' lang='lat' dir='ltr'>Operum</span> 
     </span>
     <span class='ocr_line' id='line_1_17' title="bbox 94 1685 1903 1742; baseline -0.001 -1"><span class='ocrx_word' id='word_1_118' title='bbox 94 1688 152 1741; x_wconf 89' lang='lat' dir='ltr'>S.</span> <span class='ocrx_word' id='word_1_119' title='bbox 208 1687 398 1741; x_wconf 90' lang='lat' dir='ltr'>Leonis</span> <span class='ocrx_word' id='word_1_120' title='bbox 452 1707 567 1742; x_wconf 87' lang='lat' dir='ltr'>nov.</span> <span class='ocrx_word' id='word_1_121' title='bbox 625 1688 740 1741; x_wconf 91' lang='lat' dir='ltr'>edit.</span> <span class='ocrx_word' id='word_1_122' title='bbox 834 1687 1062 1742; x_wconf 88' lang='lat' dir='ltr'>Venetae</span> <span class='ocrx_word' id='word_1_123' title='bbox 1116 1688 1340 1741; x_wconf 89' lang='lat' dir='ltr'>insertis.</span> <span class='ocrx_word' id='word_1_124' title='bbox 1434 1687 1584 1739; x_wconf 90' lang='lat' dir='ltr'>Immo</span> <span class='ocrx_word' id='word_1_125' title='bbox 1641 1685 1903 1740; x_wconf 88' lang='lat' dir='ltr'>Romanae</span> 
     </span>
     <span class='ocr_line' id='line_1_18' title="bbox 95 1771 1903 1844; baseline -0.001 -18"><span class='ocrx_word' id='word_1_126' title='bbox 95 1774 382 1827; x_wconf 86' lang='lat' dir='ltr'>auctoritati</span> <span class='ocrx_word' id='word_1_127' title='bbox 417 1774 469 1825; x_wconf 89' lang='lat' dir='ltr'>in</span> <span class='ocrx_word' id='word_1_128' title='bbox 506 1792 565 1826; x_wconf 90' lang='lat' dir='ltr'>ea</span> <span class='ocrx_word' id='word_1_129' title='bbox 602 1774 709 1844; x_wconf 90' lang='lat' dir='ltr'>ipsa</span> <span class='ocrx_word' id='word_1_130' title='bbox 746 1791 895 1826; x_wconf 88' lang='lat' dir='ltr'>causa</span> <span class='ocrx_word' id='word_1_131' title='bbox 932 1774 1166 1842; x_wconf 85' lang='lat' dir='ltr'>quantum</span> <span class='ocrx_word' id='word_1_132' title='bbox 1218 1793 1274 1826; x_wconf 89' lang='lat' dir='ltr'>re</span> <span class='ocrx_word' id='word_1_133' title='bbox 1309 1773 1416 1844; x_wconf 89' lang='lat' dir='ltr'>ipsa</span> <span class='ocrx_word' id='word_1_134' title='bbox 1462 1771 1727 1825; x_wconf 90' lang='lat' dir='ltr'>detulerint</span> <span class='ocrx_word' id='word_1_135' title='bbox 1762 1772 1903 1824; x_wconf 79' lang='lat' dir='ltr'>Afri-</span> 
     </span>
     <span class='ocr_line' id='line_1_19' title="bbox 97 1856 1902 1929; baseline -0.001 -17"><span class='ocrx_word' id='word_1_136' title='bbox 97 1860 232 1923; x_wconf 85' lang='lat' dir='ltr'>cani,</span> <span class='ocrx_word' id='word_1_137' title='bbox 279 1858 456 1911; x_wconf 87' lang='lat' dir='ltr'>ibidem</span> <span class='ocrx_word' id='word_1_138' title='bbox 505 1859 800 1929; x_wconf 82' lang='lat' dir='ltr'>explicatum</span> <span class='ocrx_word' id='word_1_139' title='bbox 847 1858 1090 1913; x_wconf 67' lang='lat' dir='ltr'>inVenies.</span> <span class='ocrx_word' id='word_1_140' title='bbox 1178 1856 1277 1925; x_wconf 82' lang='lat' dir='ltr'>Qui</span> <span class='ocrx_word' id='word_1_141' title='bbox 1323 1857 1396 1911; x_wconf 72' lang='lat' dir='ltr'>vex</span> <span class='ocrx_word' id='word_1_142' title='bbox 1433 1857 1707 1929; x_wconf 86' lang='lat' dir='ltr'>hujusmodi</span> <span class='ocrx_word' id='word_1_143' title='bbox 1735 1856 1902 1928; x_wconf 37' lang='lat' dir='ltr'>*gestis</span> 
     </span>
     <span class='ocr_line' id='line_1_20' title="bbox 89 1943 1903 2016; baseline -0.001 -20"><span class='ocrx_word' id='word_1_144' title='bbox 89 1949 174 2016; x_wconf 85' lang='lat' dir='ltr'>jus</span> <span class='ocrx_word' id='word_1_145' title='bbox 233 1943 527 1997; x_wconf 84' lang='lat' dir='ltr'>Pontificum</span> <span class='ocrx_word' id='word_1_146' title='bbox 596 1963 697 1997; x_wconf 91' lang='lat' dir='ltr'>non</span> <span class='ocrx_word' id='word_1_147' title='bbox 767 1953 933 2015; x_wconf 86' lang='lat' dir='ltr'>potest</span> <span class='ocrx_word' id='word_1_148' title='bbox 999 1944 1238 2008; x_wconf 86' lang='lat' dir='ltr'>inficiari,</span> <span class='ocrx_word' id='word_1_149' title='bbox 1284 1944 1690 2015; x_wconf 62' lang='lat' dir='ltr'>&#39;incompetentis</span> <span class='ocrx_word' id='word_1_150' title='bbox 1763 1943 1903 1995; x_wconf 87' lang='lat' dir='ltr'>moli-</span> 
     </span>
     <span class='ocr_line' id='line_1_21' title="bbox 95 2028 1905 2100; baseline -0.001 -19"><span class='ocrx_word' id='word_1_151' title='bbox 95 2031 240 2082; x_wconf 87' lang='lat' dir='ltr'>minis</span> <span class='ocrx_word' id='word_1_152' title='bbox 278 2039 362 2082; x_wconf 91' lang='lat' dir='ltr'>aut</span> <span class='ocrx_word' id='word_1_153' title='bbox 408 2029 655 2082; x_wconf 88' lang='lat' dir='ltr'>ambitiosi</span> <span class='ocrx_word' id='word_1_154' title='bbox 688 2029 859 2084; x_wconf 80' lang='lat' dir='ltr'>vitium</span> <span class='ocrx_word' id='word_1_155' title='bbox 896 2028 1125 2082; x_wconf 86' lang='lat' dir='ltr'>Pontifici</span> <span class='ocrx_word' id='word_1_156' title='bbox 1176 2030 1346 2099; x_wconf 90' lang='lat' dir='ltr'>nequit</span> <span class='ocrx_word' id='word_1_157' title='bbox 1391 2030 1659 2100; x_wconf 82' lang='lat' dir='ltr'>imputare,</span> <span class='ocrx_word' id='word_1_158' title='bbox 1709 2029 1905 2082; x_wconf 89' lang='lat' dir='ltr'>etiamsi</span> 
     </span>
     <span class='ocr_line' id='line_1_22' title="bbox 97 2114 1902 2202; baseline -0.001 -35"><span class='ocrx_word' id='word_1_159' title='bbox 97 2115 277 2184; x_wconf 85' lang='lat' dir='ltr'>aliquid</span> <span class='ocrx_word' id='word_1_160' title='bbox 324 2114 484 2167; x_wconf 90' lang='lat' dir='ltr'>minus</span> <span class='ocrx_word' id='word_1_161' title='bbox 533 2124 719 2167; x_wconf 91' lang='lat' dir='ltr'>rectum</span> <span class='ocrx_word' id='word_1_162' title='bbox 771 2132 838 2167; x_wconf 87' lang='lat' dir='ltr'>ex</span> <span class='ocrx_word' id='word_1_163' title='bbox 889 2114 1050 2202; x_wconf 86' lang='lat' dir='ltr'>aliena</span> <span class='ocrx_word' id='word_1_164' title='bbox 1099 2115 1142 2165; x_wconf 87' lang='lat' dir='ltr'>f1</span> <span class='ocrx_word' id='word_1_165' title='bbox 1145 2116 1267 2168; x_wconf 89' lang='lat' dir='ltr'>aude</span> <span class='ocrx_word' id='word_1_166' title='bbox 1324 2125 1409 2167; x_wconf 91' lang='lat' dir='ltr'>aut</span> <span class='ocrx_word' id='word_1_167' title='bbox 1453 2115 1740 2186; x_wconf 91' lang='lat' dir='ltr'>deceptione</span> <span class='ocrx_word' id='word_1_168' title='bbox 1787 2116 1902 2166; x_wconf 91' lang='lat' dir='ltr'>sub-</span> 
     </span>
     <span class='ocr_line' id='line_1_23' title="bbox 95 2201 1265 2271; baseline -0.001 -18"><span class='ocrx_word' id='word_1_169' title='bbox 95 2201 350 2271; x_wconf 89' lang='lat' dir='ltr'>repsisset.</span> <span class='ocrx_word' id='word_1_170' title='bbox 1261 2213 1265 2216; x_wconf 89' lang='grc'><strong>’</strong></span> 
     </span>
    </p>

    <p class='ocr_par' dir='ltr' id='par_1_4' title="bbox 91 2281 1924 3187">
     <span class='ocr_line' id='line_1_24' title="bbox 238 2281 1905 2356; baseline 0.002 -21"><span class='ocrx_word' id='word_1_171' title='bbox 238 2281 365 2350; x_wconf 80' lang='lat' dir='ltr'>Quid</span> <span class='ocrx_word' id='word_1_172' title='bbox 401 2283 681 2337; x_wconf 87' lang='lat' dir='ltr'>Febronius</span> <span class='ocrx_word' id='word_1_173' title='bbox 718 2284 1078 2356; x_wconf 85' lang='lat' dir='ltr'>reprehendere</span> <span class='ocrx_word' id='word_1_174' title='bbox 1127 2286 1245 2340; x_wconf 87' lang='lat' dir='ltr'>velit</span> <span class='ocrx_word' id='word_1_175' title='bbox 1291 2290 1363 2338; x_wconf 33' lang='lat' dir='ltr'>in.</span> <span class='ocrx_word' id='word_1_176' title='bbox 1386 2288 1681 2355; x_wconf 81' lang='lat' dir='ltr'>Bonifacio</span> <span class='ocrx_word' id='word_1_177' title='bbox 1722 2289 1763 2338; x_wconf 88' lang='grc' dir='ltr'>Ι.</span> <span class='ocrx_word' id='word_1_178' title='bbox 1813 2307 1905 2339; x_wconf 81' lang='lat' dir='ltr'>seu</span> 
     </span>
     <span class='ocr_line' id='line_1_25' title="bbox 91 2371 1905 2441; baseline 0.001 -20"><span class='ocrx_word' id='word_1_179' title='bbox 91 2374 270 2438; x_wconf 80' lang='lat' dir='ltr'>potius</span> <span class='ocrx_word' id='word_1_180' title='bbox 312 2372 519 2422; x_wconf 80' lang='lat' dir='ltr'>Zosimo</span> <span class='ocrx_word' id='word_1_181' title='bbox 569 2388 638 2422; x_wconf 84' lang='lat' dir='ltr'>ex</span> <span class='ocrx_word' id='word_1_182' title='bbox 688 2389 794 2441; x_wconf 90' lang='lat' dir='ltr'>cap.</span> <span class='ocrx_word' id='word_1_183' title='bbox 836 2371 886 2422; x_wconf 87' lang='lat'>5.</span> <span class='ocrx_word' id='word_1_184' title='bbox 934 2371 980 2438; x_wconf 64' lang='grc' dir='ltr'>ἓ.</span> <span class='ocrx_word' id='word_1_185' title='bbox 1019 2371 1071 2423; x_wconf 87' lang='grc'>6.</span> <span class='ocrx_word' id='word_1_186' title='bbox 1118 2389 1168 2422; x_wconf 94' lang='lat' dir='ltr'>n.</span> <span class='ocrx_word' id='word_1_187' title='bbox 1208 2372 1255 2422; x_wconf 92' lang='lat'>5.</span> <span class='ocrx_word' id='word_1_188' title='bbox 1309 2371 1514 2440; x_wconf 81' lang='lat' dir='ltr'>ignoro:</span> <span class='ocrx_word' id='word_1_189' title='bbox 1577 2391 1738 2441; x_wconf 89' lang='lat' dir='ltr'>neque</span> <span class='ocrx_word' id='word_1_190' title='bbox 1776 2372 1905 2423; x_wconf 89' lang='lat' dir='ltr'>enim.</span> 
     </span>
     <span class='ocr_line' id='line_1_26' title="bbox 96 2454 1924 2528; baseline 0.001 -21"><span class='ocrx_word' id='word_1_191' title='bbox 96 2456 202 2507; x_wconf 87' lang='lat' dir='ltr'>loca</span> <span class='ocrx_word' id='word_1_192' title='bbox 257 2455 316 2506; x_wconf 89' lang='lat' dir='ltr'>ab</span> <span class='ocrx_word' id='word_1_193' title='bbox 371 2455 476 2525; x_wconf 91' lang='lat' dir='ltr'>ipso</span> <span class='ocrx_word' id='word_1_194' title='bbox 532 2454 610 2507; x_wconf 92' lang='lat' dir='ltr'>hic</span> <span class='ocrx_word' id='word_1_195' title='bbox 665 2455 880 2525; x_wconf 86' lang='lat' dir='ltr'>allegata</span> <span class='ocrx_word' id='word_1_196' title='bbox 937 2457 996 2508; x_wconf 88' lang='lat' dir='ltr'>ad</span> <span class='ocrx_word' id='word_1_197' title='bbox 1051 2457 1144 2509; x_wconf 93' lang='lat' dir='ltr'>hos</span> <span class='ocrx_word' id='word_1_198' title='bbox 1181 2456 1452 2510; x_wconf 89' lang='lat' dir='ltr'>Pontifices</span> <span class='ocrx_word' id='word_1_199' title='bbox 1501 2457 1770 2528; x_wconf 85' lang='lat' dir='ltr'>pertinent.</span> <span class='ocrx_word' id='word_1_200' title='bbox 1847 2454 1924 2510; x_wconf 61' lang='lat' dir='ltr'>Si,</span> 
     </span>
     <span class='ocr_line' id='line_1_27' title="bbox 96 2538 1905 2614; baseline 0 -20"><span class='ocrx_word' id='word_1_201' title='bbox 96 2559 216 2594; x_wconf 87' lang='lat' dir='ltr'>vero</span> <span class='ocrx_word' id='word_1_202' title='bbox 263 2540 464 2611; x_wconf 90' lang='lat' dir='ltr'>respicit</span> <span class='ocrx_word' id='word_1_203' title='bbox 508 2541 685 2592; x_wconf 90' lang='lat' dir='ltr'>factum</span> <span class='ocrx_word' id='word_1_204' title='bbox 726 2538 990 2602; x_wconf 89' lang='lat' dir='ltr'>Coelestii‚</span> <span class='ocrx_word' id='word_1_205' title='bbox 1060 2541 1144 2611; x_wconf 90' lang='lat' dir='ltr'>qui</span> <span class='ocrx_word' id='word_1_206' title='bbox 1189 2541 1402 2595; x_wconf 89' lang='lat' dir='ltr'>Romam</span> <span class='ocrx_word' id='word_1_207' title='bbox 1463 2545 1711 2614; x_wconf 77' lang='lat' dir='ltr'>profectus</span> <span class='ocrx_word' id='word_1_208' title='bbox 1757 2541 1905 2594; x_wconf 89' lang='lat' dir='ltr'>Zosi-</span> 
     </span>
     <span class='ocr_line' id='line_1_28' title="bbox 95 2625 1906 2699; baseline 0.001 -22"><span class='ocrx_word' id='word_1_209' title='bbox 95 2645 225 2678; x_wconf 90' lang='lat' dir='ltr'>mum</span> <span class='ocrx_word' id='word_1_210' title='bbox 262 2625 450 2696; x_wconf 89' lang='lat' dir='ltr'>Papam</span> <span class='ocrx_word' id='word_1_211' title='bbox 487 2625 594 2677; x_wconf 93' lang='lat' dir='ltr'>dolo</span> <span class='ocrx_word' id='word_1_212' title='bbox 632 2627 759 2677; x_wconf 92' lang='lat' dir='ltr'>malo</span> <span class='ocrx_word' id='word_1_213' title='bbox 798 2626 1016 2697; x_wconf 86' lang='lat' dir='ltr'>decepit,</span> <span class='ocrx_word' id='word_1_214' title='bbox 1057 2636 1106 2679; x_wconf 90' lang='lat' dir='ltr'>et</span> <span class='ocrx_word' id='word_1_215' title='bbox 1143 2646 1170 2679; x_wconf 91' lang='lat' dir='ltr'>a</span> <span class='ocrx_word' id='word_1_216' title='bbox 1209 2627 1409 2699; x_wconf 90' lang='lat' dir='ltr'>decepto</span> <span class='ocrx_word' id='word_1_217' title='bbox 1446 2628 1639 2680; x_wconf 87' lang='lat' dir='ltr'>litteras</span> <span class='ocrx_word' id='word_1_218' title='bbox 1676 2628 1906 2691; x_wconf 88' lang='lat' dir='ltr'>obtinuit,</span> 
     </span>
     <span class='ocr_line' id='line_1_29' title="bbox 97 2711 1908 2781; baseline 0.002 -20"><span class='ocrx_word' id='word_1_219' title='bbox 97 2729 220 2778; x_wconf 88' lang='lat' dir='ltr'>quae</span> <span class='ocrx_word' id='word_1_220' title='bbox 265 2721 436 2781; x_wconf 90' lang='lat' dir='ltr'>postea</span> <span class='ocrx_word' id='word_1_221' title='bbox 486 2711 677 2763; x_wconf 87' lang='lat' dir='ltr'>detecta</span> <span class='ocrx_word' id='word_1_222' title='bbox 731 2712 902 2763; x_wconf 88' lang='lat' dir='ltr'>fraude</span> <span class='ocrx_word' id='word_1_223' title='bbox 957 2722 1224 2766; x_wconf 85' lang='lat' dir='ltr'>revocatae</span> <span class='ocrx_word' id='word_1_224' title='bbox 1273 2722 1323 2766; x_wconf 91' lang='lat' dir='ltr'>et</span> <span class='ocrx_word' id='word_1_225' title='bbox 1374 2723 1629 2766; x_wconf 89' lang='lat' dir='ltr'>correctae</span> <span class='ocrx_word' id='word_1_226' title='bbox 1675 2714 1908 2778; x_wconf 74' lang='lat' dir='ltr'>fuerunt3</span> 
     </span>
     <span class='ocr_line' id='line_1_30' title="bbox 98 2795 1911 2867; baseline 0.002 -21"><span class='ocrx_word' id='word_1_227' title='bbox 98 2813 198 2847; x_wconf 92' lang='lat' dir='ltr'>non</span> <span class='ocrx_word' id='word_1_228' title='bbox 227 2795 388 2859; x_wconf 87' lang='lat' dir='ltr'>video,</span> <span class='ocrx_word' id='word_1_229' title='bbox 423 2813 509 2847; x_wconf 87' lang='lat' dir='ltr'>cur</span> <span class='ocrx_word' id='word_1_230' title='bbox 534 2796 626 2847; x_wconf 93' lang='lat' dir='ltr'>hoc</span> <span class='ocrx_word' id='word_1_231' title='bbox 660 2797 845 2848; x_wconf 89' lang='lat' dir='ltr'>factum</span> <span class='ocrx_word' id='word_1_232' title='bbox 870 2797 1159 2850; x_wconf 85' lang='lat' dir='ltr'>adversario</span> <span class='ocrx_word' id='word_1_233' title='bbox 1184 2798 1359 2867; x_wconf 90' lang='lat' dir='ltr'>prosit.</span> <span class='ocrx_word' id='word_1_234' title='bbox 1436 2797 1574 2850; x_wconf 86' lang='lat' dir='ltr'>Nihil</span> <span class='ocrx_word' id='word_1_235' title='bbox 1610 2798 1687 2850; x_wconf 91' lang='lat' dir='ltr'>hic</span> <span class='ocrx_word' id='word_1_236' title='bbox 1712 2808 1911 2867; x_wconf 83' lang='lat' dir='ltr'>gestum</span> 
     </span>
     <span class='ocr_line' id='line_1_31' title="bbox 98 2880 1913 2951; baseline 0.002 -19"><span class='ocrx_word' id='word_1_237' title='bbox 98 2880 158 2932; x_wconf 90' lang='lat' dir='ltr'>ad</span> <span class='ocrx_word' id='word_1_238' title='bbox 195 2880 529 2932; x_wconf 89' lang='lat' dir='ltr'>ostensionem</span> <span class='ocrx_word' id='word_1_239' title='bbox 567 2889 617 2932; x_wconf 90' lang='lat' dir='ltr'>et</span> <span class='ocrx_word' id='word_1_240' title='bbox 663 2890 977 2950; x_wconf 82' lang='lat' dir='ltr'>augmentum</span> <span class='ocrx_word' id='word_1_241' title='bbox 1008 2882 1166 2951; x_wconf 84' lang='lat' dir='ltr'>juris;</span> <span class='ocrx_word' id='word_1_242' title='bbox 1219 2884 1305 2934; x_wconf 89' lang='lat' dir='ltr'>sed</span> <span class='ocrx_word' id='word_1_243' title='bbox 1350 2901 1500 2934; x_wconf 88' lang='lat' dir='ltr'>unum</span> <span class='ocrx_word' id='word_1_244' title='bbox 1555 2883 1672 2933; x_wconf 93' lang='lat' dir='ltr'>illud</span> <span class='ocrx_word' id='word_1_245' title='bbox 1723 2884 1913 2935; x_wconf 82' lang='lat' dir='ltr'>exinde</span> 
     </span>
     <span class='ocr_line' id='line_1_32' title="bbox 99 2960 1910 3040; baseline 0.002 -23"><span class='ocrx_word' id='word_1_246' title='bbox 99 2964 431 3033; x_wconf 89' lang='lat' dir='ltr'>consequitur,</span> <span class='ocrx_word' id='word_1_247' title='bbox 467 2983 680 3017; x_wconf 89' lang='lat' dir='ltr'>summos</span> <span class='ocrx_word' id='word_1_248' title='bbox 707 2964 975 3040; x_wconf 85' lang='lat' dir='ltr'>Pontifices</span> <span class='ocrx_word' id='word_1_249' title='bbox 1012 2965 1064 3016; x_wconf 91' lang='lat' dir='ltr'>in</span> <span class='ocrx_word' id='word_1_250' title='bbox 1092 2966 1289 3035; x_wconf 90' lang='lat' dir='ltr'>judiciis</span> <span class='ocrx_word' id='word_1_251' title='bbox 1327 2968 1460 3020; x_wconf 87' lang='lat' dir='ltr'>circa</span> <span class='ocrx_word' id='word_1_252' title='bbox 1495 2960 1735 3038; x_wconf 87' lang='lat' dir='ltr'>personas</span> <span class='ocrx_word' id='word_1_253' title='bbox 1760 2986 1910 3038; x_wconf 89' lang='lat' dir='ltr'>posse</span> 
     </span>
     <span class='ocr_line' id='line_1_33' title="bbox 98 3049 1907 3121; baseline 0.002 -20"><span class='ocrx_word' id='word_1_254' title='bbox 98 3050 279 3121; x_wconf 82' lang='lat' dir='ltr'>decipi,</span> <span class='ocrx_word' id='word_1_255' title='bbox 318 3060 367 3102; x_wconf 90' lang='lat' dir='ltr'>et</span> <span class='ocrx_word' id='word_1_256' title='bbox 404 3049 585 3119; x_wconf 89' lang='lat' dir='ltr'>aliquid</span> <span class='ocrx_word' id='word_1_257' title='bbox 619 3069 877 3121; x_wconf 87' lang='lat' dir='ltr'>perperam</span> <span class='ocrx_word' id='word_1_258' title='bbox 916 3068 1087 3103; x_wconf 85' lang='lat' dir='ltr'>errore</span> <span class='ocrx_word' id='word_1_259' title='bbox 1124 3051 1242 3103; x_wconf 87' lang='lat' dir='ltr'>facti</span> <span class='ocrx_word' id='word_1_260' title='bbox 1280 3051 1528 3116; x_wconf 77' lang='lat' dir='ltr'>scribere,</span> <span class='ocrx_word' id='word_1_261' title='bbox 1568 3053 1696 3121; x_wconf 86' lang='lat' dir='ltr'>quod</span> <span class='ocrx_word' id='word_1_262' title='bbox 1733 3053 1907 3105; x_wconf 85' lang='lat' dir='ltr'>melius</span> 
     </span>
     <span class='ocr_line' id='line_1_34' title="bbox 100 3135 635 3215; baseline 0 -29"><span class='ocrx_word' id='word_1_263' title='bbox 100 3135 328 3187; x_wconf 76' lang='lat' dir='ltr'>instincti</span> <span class='ocrx_word' id='word_1_264' title='bbox 365 3135 635 3215; x_wconf 83' lang='lat' dir='ltr'>corrigant.</span> 
     </span>
    </p>

    <p class='ocr_par' dir='ltr' id='par_1_5' title="bbox 100 3217 1907 3545">
     <span class='ocr_line' id='line_1_35' title="bbox 243 3217 1906 3293; baseline 0.001 -20"><span class='ocrx_word' id='word_1_265' title='bbox 243 3218 438 3273; x_wconf 56' lang='lat' dir='ltr'>henan</span> <span class='ocrx_word' id='word_1_266' title='bbox 443 3239 522 3272; x_wconf 89' lang='lat' dir='ltr'>am</span> <span class='ocrx_word' id='word_1_267' title='bbox 571 3230 746 3271; x_wconf 85' lang='lat' dir='ltr'>contra</span> <span class='ocrx_word' id='word_1_268' title='bbox 795 3217 846 3274; x_wconf 93' lang='lat' dir='ltr'>S.</span> <span class='ocrx_word' id='word_1_269' title='bbox 892 3218 1113 3273; x_wconf 90' lang='lat' dir='ltr'>Leonem</span> <span class='ocrx_word' id='word_1_270' title='bbox 1152 3220 1227 3272; x_wconf 92' lang='lat' dir='ltr'>M.</span> <span class='ocrx_word' id='word_1_271' title='bbox 1281 3240 1311 3273; x_wconf 89' lang='lat' dir='ltr'>a</span> <span class='ocrx_word' id='word_1_272' title='bbox 1357 3219 1610 3274; x_wconf 86' lang='lat' dir='ltr'>Febronio</span> <span class='ocrx_word' id='word_1_273' title='bbox 1659 3222 1906 3293; x_wconf 84' lang='lat' dir='ltr'>ingestam</span> 
     </span>
     <span class='ocr_line' id='line_1_36' title="bbox 100 3303 1907 3374; baseline 0.002 -18"><span class='ocrx_word' id='word_1_274' title='bbox 100 3307 160 3356; x_wconf 93' lang='lat' dir='ltr'>ob</span> <span class='ocrx_word' id='word_1_275' title='bbox 205 3303 430 3374; x_wconf 88' lang='lat' dir='ltr'>judicium</span> <span class='ocrx_word' id='word_1_276' title='bbox 468 3303 662 3357; x_wconf 91' lang='lat' dir='ltr'>Romae</span> <span class='ocrx_word' id='word_1_277' title='bbox 709 3305 985 3357; x_wconf 87' lang='lat' dir='ltr'>institutum</span> <span class='ocrx_word' id='word_1_278' title='bbox 1035 3306 1293 3359; x_wconf 89' lang='lat' dir='ltr'>adversum</span> <span class='ocrx_word' id='word_1_279' title='bbox 1350 3303 1406 3358; x_wconf 92' lang='lat' dir='ltr'>S.</span> <span class='ocrx_word' id='word_1_280' title='bbox 1442 3305 1685 3359; x_wconf 89' lang='lat' dir='ltr'>Hilarium</span> <span class='ocrx_word' id='word_1_281' title='bbox 1723 3307 1907 3361; x_wconf 77' lang='lat' dir='ltr'>Arela-</span> 
     </span>
     <span class='ocr_line' id='line_1_37' title="bbox 100 3390 1906 3460; baseline 0.001 -18"><span class='ocrx_word' id='word_1_282' title='bbox 100 3401 288 3443; x_wconf 86' lang='lat' dir='ltr'>tensem</span> <span class='ocrx_word' id='word_1_283' title='bbox 326 3390 522 3460; x_wconf 74' lang='lat' dir='ltr'>prolixe</span> <span class='ocrx_word' id='word_1_284' title='bbox 557 3392 770 3444; x_wconf 85' lang='lat' dir='ltr'>refutavi</span> <span class='ocrx_word' id='word_1_285' title='bbox 806 3390 859 3441; x_wconf 90' lang='lat' dir='ltr'>in</span> <span class='ocrx_word' id='word_1_286' title='bbox 891 3390 1351 3443; x_wconf 77' lang='lat' dir='ltr'>Observationibus</span> <span class='ocrx_word' id='word_1_287' title='bbox 1389 3392 1450 3443; x_wconf 89' lang='lat' dir='ltr'>ad</span> <span class='ocrx_word' id='word_1_288' title='bbox 1487 3391 1906 3444; x_wconf 87' lang='lat' dir='ltr'>Dissertationem</span> 
     </span>
     <span class='ocr_line' id='line_1_38' title="bbox 102 3471 1905 3545; baseline 0 -17"><span class='ocrx_word' id='word_1_289' title='bbox 102 3474 168 3528; x_wconf 92' lang='lat' dir='ltr'>V.</span> <span class='ocrx_word' id='word_1_290' title='bbox 197 3471 472 3540; x_wconf 78' lang='lat' dir='ltr'>Quesnelli,</span> <span class='ocrx_word' id='word_1_291' title='bbox 510 3475 570 3526; x_wconf 90' lang='lat' dir='ltr'>ad</span> <span class='ocrx_word' id='word_1_292' title='bbox 605 3494 750 3545; x_wconf 90' lang='lat' dir='ltr'>quam</span> <span class='ocrx_word' id='word_1_293' title='bbox 787 3476 913 3529; x_wconf 83' lang='lat' dir='ltr'>idem</span> <span class='ocrx_word' id='word_1_294' title='bbox 952 3475 1232 3530; x_wconf 86' lang='lat' dir='ltr'>Febronius</span> <span class='ocrx_word' id='word_1_295' title='bbox 1269 3477 1479 3530; x_wconf 89' lang='lat' dir='ltr'>lectores</span> <span class='ocrx_word' id='word_1_296' title='bbox 1517 3476 1739 3529; x_wconf 88' lang='lat' dir='ltr'>remittit.</span> <span class='ocrx_word' id='word_1_297' title='bbox 1800 3476 1905 3529; x_wconf 90' lang='lat' dir='ltr'>Has</span> 
     </span>
    </p>
   </div>
  </div>
 </body>
</html>
