2326 3854
1046 230 1124 265 XV

186 407 353 463 raque
399 387 528 463 alia,
575 403 711 459 quae
737 383 1037 440 Gersonius
1068 385 1228 456 impio
1276 398 1371 437 ore
1419 381 1705 452 eructavit,
1753 380 1986 434 omnium

187 476 573 531 catholicorum
603 471 948 528 confessione
979 471 1174 541 partim
1203 472 1327 524 sunt
1367 465 1654 520 manifeste
1684 466 1984 541 haeretica,

187 563 380 635 partim
411 559 666 631 fanatica,
697 557 881 630 impia,
914 555 1196 630 seditiosa,
1234 554 1375 609 falsa
1405 571 1470 607 ac
1498 552 1810 608 temeraria.
1871 548 1985 606 At-

189 664 292 719 que
335 647 423 701 hic
467 645 570 699 erit
612 643 765 696 nobis
810 643 988 714 autor,
1035 657 1194 711 quem
1237 641 1290 694 in
1319 639 1424 694 hac
1459 638 1527 693 de
1558 635 1798 694 Summis
1827 633 1986 691 Pon-

188 730 412 786 tificibus
455 729 685 783 materia
728 725 881 781 velut
911 727 1232 798 magistrum
1278 720 1608 797 sequamur?
1691 719 1799 779 Oui
1843 723 1989 778 circa

187 834 439 886 sensum,
508 830 667 886 quem
710 808 943 867 Concilii
989 808 1425 866 Constantiensis
1473 810 1707 866 decretis
1754 808 1987 886 affingit,

186 903 403 976 plenam
447 918 511 955 ac
554 900 718 973 plane
762 915 983 953 caecam
1027 897 1287 952 adhibere
1327 899 1609 950 teneamur
1653 894 1856 951 fidem?
1926 895 1989 950 Id

187 1006 350 1043 unum
394 987 571 1042 adhuc
616 987 872 1054 observo,
919 1001 1128 1039 summa
1157 982 1444 1056 prudentia
1468 981 1807 1037 Ludovicum
1830 981 1988 1037 XIV.

187 1073 493 1130 Galliarum
537 1088 732 1145 regem
774 1069 1138 1145 prohibuisse,
1183 1087 1252 1127 ne
1285 1067 1562 1142 Gersonii,
1609 1070 1815 1123 autoris
1851 1069 1989 1124 adeo

188 1159 481 1233 periculosi
525 1175 713 1232 opera,
760 1156 987 1213 citandis
1033 1157 1195 1211 etiam
1237 1159 1425 1211 contra
1470 1154 1788 1209 saeculares
1832 1156 1988 1228 prin—

188 1248 336 1319 cipes
382 1245 729 1300 seditionibus
775 1244 1076 1318 aptissima,
1114 1243 1173 1296 in
1206 1260 1305 1297 suo
1341 1258 1517 1315 regno
1561 1241 1751 1314 praelo
1796 1242 1992 1296 iterum

189 1326 645 1402 suincerentur.“
717 1327 978 1385 Ceterum
1021 1328 1168 1385 haud
1215 1346 1314 1384 nos
1358 1328 1516 1403 latet,
1563 1324 1893 1383 Gersonium
1923 1326 1991 1383 de

187 1417 558 1473 Romanorum
580 1415 901 1473 Pontificum
929 1417 1160 1488 primatu
1190 1431 1570 1486 nonnunquam
1614 1415 1856 1487 apprime
1888 1419 1992 1469 ca-

188 1504 387 1560 tholice
444 1504 720 1577 sensisse,
788 1507 844 1558 et
898 1501 1188 1557 nonnullos
1243 1500 1602 1575 contendere,
1670 1501 1868 1570 injuria
1912 1500 1993 1555 il‘li

188 1590 356 1646 multa
400 1607 433 1642 a
460 1587 746 1663 Richerio,
791 1587 1028 1661 Dupinio
1076 1592 1130 1643 et
1159 1586 1479 1643 Lutherano
1504 1585 1855 1643 Venderhart
1898 1590 1992 1642 at-

190 1676 379 1746 tribui3
438 1673 537 1729 sed
580 1675 720 1730 haec
749 1676 901 1729 nobis
947 1675 1175 1747 amplius
1219 1690 1383 1729 curae
1428 1689 1536 1729 non
1567 1677 1722 1746 sunt,
1770 1673 1895 1727 dum
1926 1673 1994 1728 de

192 1760 445 1816 Gersonii
487 1776 724 1833 persona
768 1777 875 1814 non
920 1761 1160 1834 agimuS,
1207 1758 1503 1814 doctrinam
1547 1760 1726 1832 potius
1769 1760 1993 1831 impeti-

189 1863 344 1919 muS,
393 1861 541 1916 quae„
573 1845 735 1914 hujus
779 1846 1031 1919 magistri
1072 1845 1288 1901 nomine
1333 1861 1367 1899 a
1403 1842 1728 1918 Gallicanis,
1772 1844 1993 1899 Riche-

190 1932 376 2004 rianis,
422 1929 787 2005 Jansenistis,
832 1929 1191 1987 Febronianis
1234 1931 1634 2003 neotericisque
1681 1927 1994 1986 Canonistis

188 2015 457 2089 hodieque
486 2016 742 2087 traditur3
788 2017 977 2092 quibus
1007 2018 1163 2090 proin
1193 2018 1387 2090 eulpae
1419 2015 1596 2092 detur,
1645 2018 1807 2092 quod,
1855 2034 1994 2091 quae

191 2100 492 2159 Gersonius
508 2104 787 2178 peccavit,
813 2104 1040 2158 caritate
1062 2120 1170 2158 non
1193 2104 1535 2178 obtegantur.
1583 2101 1740 2174 Quae
1764 2104 1993 2159 forsitan

191 2191 371 2245 aetate
400 2189 798 2261 provectiorem
825 2190 880 2244 in
910 2188 1267 2245 amaritudine
1297 2189 1477 2246 cordis
1501 2206 1625 2245 eum
1646 2192 1994 2265 poenituerit,

192 2275 634 2345 quemadmodum
677 2274 945 2332 Nicolaus
975 2272 1232 2331 Cusanus
1278 2279 1460 2331 aetate
1503 2282 1799 2349 provectus
1843 2278 1994 2351 pali-

191 2358 406 2413 nodiam
449 2361 644 2414 cecinit
689 2377 907 2436 eorum,
967 2379 1106 2433 quae
1141 2363 1378 2432 juvenili
1435 2366 1618 2417 aetate
1663 2363 1993 2462 disputatio-

191 2446 349 2498 nisve
392 2447 550 2498 aestu
595 2444 772 2501 eidem
814 2445 1155 2521 exciderant,
1198 2463 1298 2502 seu
1341 2449 1556 2503 incaute
1602 2450 1898 2522 scripserat
1941 2450 1996 2503 in

193 2545 358 2602 opere
404 2529 470 2584 de
522 2528 810 2585 concord.
848 2531 1078 2588 Cathol.
1123 2534 1208 2587 lib.
1232 2531 1305 2587 ΙΙ.
1352 2551 1402 2588 c.
1431 2535 1529 2589 13.
1602 2531 1865 2591 Similiter
1908 2536 1993 2589 vir

191 2617 690 2688 praestantissimus
733 2615 960 2674 Aeneas
1004 2615 1274 2694 SylviuS,
1330 2623 1524 2692 postea
1566 2618 1700 2675 Pius
1732 2619 1804 2675 Π.
1843 2620 1991 2676 ado·-

190 2701 486 2757 leseentiae
532 2706 716 2759 errata
758 2706 1075 2761 retractavit
1118 2710 1173 2760 et
1219 2705 1543 2761 emendavit.

319 2785 534 2858 Sparsa
575 2789 631 2844 in
662 2785 1067 2846 Constantiensi
1110 2787 1476 2847 democratiae
1519 2795 1728 2848 semina
1769 2794 1834 2847 ab
1865 2791 1994 2848 Ed-

192 2870 389 2930 mundo
433 2870 721 2949 Richerio,
763 2873 1006 2933 Doctore
1031 2873 1334 2949 Sor-bonico
1381 2882 1436 2933 et
1479 2876 1779 2934 Facultatis
1823 2877 1994 2934 Pari-

193 2958 386 3012 siensis
418 2953 691 3032 syndico,
735 2979 896 3032 quum
923 2961 1351 3020 Protestantium
1394 2966 1651 3039 vestigiis
1695 2967 1993 3041 insisteret,

192 3044 524 3114 penitissime
557 3045 1001 3117 explicataesunt..
1071 3047 1176 3104 Hic
1208 3051 1443 3107 omnium
1471 3052 1676 3124 primus
1706 3053 1846 3107 inter
1870 3048 1994 3110 Ga-

193 3127 421 3186 tholicos
475 3131 528 3187 in
585 3130 720 3186 libro
778 3149 938 3204 quem
994 3151 1054 3190 a.
1097 3135 1281 3192 1611.
1331 3137 1405 3191 de
1448 3135 1893 3192 Ecclesiastico
1937 3144 1996 3191 et

189 3212 441 3284 politica
488 3215 799 3273 Potestate
837 3221 891 3273 in
934 3219 1115 3275 lucem
1159 3221 1353 3296 edidit,
1413 3223 1652 3294 apertius
1697 3240 1870 3278 ausus
1911 3229 1996 3278 est

195 3297 422 3375 doecre,
461 3299 772 3360 Ecclesiam
802 3322 902 3361 seu
932 3303 1168 3360 fidelium
1199 3308 1430 3363 omnium
1465 3324 1663 3381 eorpus
1695 3310 1994 3378 subJectum

197 3399 322 3441 osse
379 3387 543 3462 illud,
609 3390 664 3444 in
720 3407 822 3463 quo
879 3393 1141 3447 autoritas
1202 3397 1256 3447 et
1300 3393 1661 3449 ecclesiastici
1710 3397 1994 3470 regiminis

188 3471 493 3537 jurisdictio
522 3491 597 3528 ex,
624 3471 832 3532 Christi
859 3479 1189 3534 institutione
1222 3479 1502 3536 residere-t.
1569 3478 1662 3535 Ex
1691 3481 1797 3537 hoc
1830 3500 1994 3556 porro
