2326 3854
900 133 1562 191 ——128—

455 304 541 358 ll.
619 301 815 372 Quodsi
865 303 982 356 illud
1029 304 1233 357 effatum
1277 305 1440 373 Papa
1493 306 1714 367 dubius,
1766 306 1929 376 Papa
1964 310 2165 369 nullm,

305 391 603 446 incredibile·
638 391 889 464 judicetur
934 389 1234 462 praesertim
1281 390 1336 443 in
1385 389 1689 444 diuturniori
1735 391 1821 445 illo
1870 392 2160 459 schismate,

304 480 357 533 in
395 498 493 550 quo
532 479 700 533 dicere
736 476 1020 531 Ecclesiam
1059 496 1150 550 per
1177 495 1339 531 annos
1372 477 1588 549 triginta
1625 488 1677 532 et
1716 479 1947 552 ampliuS,
1986 481 2162 549 quibus

304 567 434 620 idem
502 565 721 620 schisma
783 564 982 620 duravit
1046 565 1109 618 ab
1178 565 1425 619 electione
1480 564 1677 619 Urbani
1733 565 1827 622 VI.
1886 585 2045 636 usque
2104 567 2165 620 ad

305 654 602 708 electionem
627 650 842 705 Martini
866 650 937 707 V.
978 652 1205 706 caruisse
1233 671 1432 725 semper
1467 672 1591 708 vero
1619 651 1890 718 Pontifice,
1917 652 2162 706 omnium-

304 760 401 811 que
452 738 746 794 electionem
798 740 955 793 fuisse
1000 739 1340 812 illegitimam,
1387 740 1631 793 absonum
1680 740 1908 808 videtur,
1965 750 2018 793 et
2055 742 2163 794 fere

305 828 458 881 etiam
496 826 805 899 impossibile
844 826 920 899 (si
970 826 1103 880 enim
1149 827 1330 880 electio
1381 844 1465 880 cx,
1511 847 1591 899 gr.
1633 827 1832 881 Urbani
1868 816 1962 882 Vl.
2013 827 2167 880 irrita

305 914 463 969 fuisse
501 915 767 979 credatur,
806 914 1078 968 subsecuta
1116 913 1301 967 electio
1335 910 1616 968 Clementis
1653 913 1770 969 Vll.
1812 917 1921 987 ejus
1962 915 2165 980 aemuli,

305 1021 434 1074 quae
472 1019 574 1055 non
630 1001 731 1054 alia
781 1001 842 1054 de
879 1019 1034 1054 causa
1078 999 1174 1054 dici
1210 1010 1379 1072 potest
1414 1000 1706 1072 illegitima,
1763 1001 1863 1055 nisi
1899 1003 1962 1054 ob
1998 1002 2165 1074 legiti-

304 1109 436 1143 mam
475 1098 528 1143 et
574 1098 741 1142 ratam
798 1086 1094 1142 electionem
1135 1086 1361 1154 Urbani,
1408 1088 1572 1142 valida
1623 1089 1834 1143 dicenda
1882 1089 2083 1159 essct):
2124 1089 2169 1142 si

304 1177 455 1243 illud,
502 1176 738 1247 inquam,
789 1173 1004 1246 primum
1043 1175 1247 1228 effatum
1277 1175 1534 1247 judicetur
1578 1176 1897 1242 incredibile,
1942 1176 2045 1230 ⁴alia
2082 1177 2168 1232 via

305 1284 385 1319 me
423 1264 709 1337 expediam.
787 1261 891 1315 Ubi
929 1261 1063 1316 enim
1113 1261 1250 1315 inter
1298 1263 1421 1315 duos
1470 1263 1553 1318 vel
1600 1273 1708 1317 tres
1758 1264 1819 1317 de
1856 1262 2166 1317 Pontificatu

305 1352 670 1407 contendentes
706 1367 839 1403 unus
878 1367 947 1402 ex
985 1349 1086 1402 illis
1122 1367 1278 1404 verus
1314 1349 1483 1421 reipsa
1519 1349 1768 1404 Pontifex
1803 1350 1959 1404 fuisse
1997 1351 2166 1404 dicen-

304 1441 395 1493 dus
433 1438 517 1504 sit,
557 1447 609 1492 et
646 1437 810 1490 solum
847 1435 1084 1502 latuisse,
1123 1436 1354 1511 quisnam
1393 1455 1463 1490 ex
1500 1436 1600 1496 illis
1636 1456 1789 1494 verus
1828 1439 2007 1505 fuerit,
2045 1457 2164 1492 num

303 1526 544 1579 Urbanus
581 1522 676 1579 VI.
720 1543 786 1578 an
825 1521 1063 1578 Clemens
1098 1523 1215 1579 Vll.
1256 1534 1308 1578 et
1345 1524 1579 1578 similiter
1616 1525 1677 1578 de
1715 1524 1848 1591 aliis,
1886 1525 1969 1595 qui
2005 1526 2165 1579 utrin-

306 1632 403 1684 que
442 1611 709 1682 subrogati
746 1613 980 1664 fuerunt:
1021 1612 1226 1665 eaedem
1265 1613 1511 1678 rationeS,
1550 1611 1727 1683 quibus
1765 1630 1902 1665 num.
1928 1613 1984 1666 3.
2025 1622 2076 1667 et
2111 1615 2164 1667 4.

304 1699 627 1774 probavimus
675 1708 867 1753 certum
905 1697 1207 1752 Pontificem
1254 1717 1358 1751 non
1407 1699 1619 1753 subesse
1658 1700 1998 1771 jurisdictioni
2047 1719 2168 1754 con-

306 1789 408 1843 cilii
447 1784 771 1858 quantumvis
809 1785 1145 1852 oecumenici,
1184 1804 1278 1839 nec
1316 1786 1466 1857 posse
1505 1787 1567 1840 ab
1606 1805 1666 1840 eo
1705 1788 1912 1860 deponi,
1950 1787 2167 1861 probant

306 1877 458 1930 etiam
498 1893 601 1928 non
639 1874 866 1939 subesse,
905 1892 1000 1928 nec
1037 1874 1218 1946 deponi
1256 1891 1406 1946 posse
1444 1892 1584 1940 eum,
1624 1874 1709 1945 qui
1743 1875 1881 1931 inter
1918 1876 2041 1929 duos
2086 1876 2165 1932 vel

304 1975 412 2017 tres
451 1962 635 2016 incerti
671 1962 869 2016 dubiive
899 1961 1065 2042 ju1is
1071 1959 1349 2030 Pontifices
1398 1979 1551 2016 verus
1588 1979 1770 2034 reapse
1822 1972 1875 2016 et
1911 1963 2166 2034 legitimus

306 2051 401 2116 sit,
442 2048 673 2120 quamvis
722 2045 1020 2120 ignoretur,
1070 2058 1121 2103 et
1167 2049 1343 2122 dubius
1388 2048 1710 2119 incertusque
1761 2051 1891 2122 apud
1939 2050 2166 2104 homines

304 2138 568 2192 habeatur.
643 2135 760 2190 Ideo
809 2136 941 2190 enim
998 2135 1083 2209 (ut
1119 2146 1273 2190 antea
1314 2112 1584 2208 preliatum
1621 2136 1730 2209 est)
1781 2155 1944 2236 supra·
1971 2148 2163 2192 certum

305 2225 605 2280 Pontificem
636 2226 723 2296 jus
761 2224 946 2277 nullum
984 2233 1065 2278 est
1102 2223 1313 2277 concilio
1354 2222 1508 2277 etiam
1554 2223 1812 2296 generali,
1863 2225 1979 2296 quia
2014 2245 2166 2281 verus

304 2312 554 2367 Pontifex
591 2322 688 2378 est,
727 2321 779 2365 et
815 2311 1035 2384 primatu
1069 2310 1271 2377 fruitur,
1309 2311 1371 2364 ob
1411 2330 1557 2382 quem
1594 2311 1690 2365 toti
1725 2309 1989 2367 Ecclesiae
2014 2312 2166 2366 etiam

306 2400 566 2455 collective
602 2407 849 2472 sumptae,
887 2408 940 2453 et
976 2399 1030 2452 in
1057 2398 1267 2453 concilio
1307 2400 1558 2453 adunatae
1586 2401 1703 2471 jure
1741 2400 1910 2454 divino
1927 2401 2167 2472 superior

307 2498 413 2555 est,
472 2506 567 2542 nec
622 2486 855 2540 inferiori
907 2486 962 2540 in
1017 2487 1329 2559 superiorem
1380 2505 1523 2540 suum
1581 2487 1860 2542 coactivum
1909 2490 1993 2559 jus
2050 2506 2165 2542 esse

304 2585 490 2647 potest.
565 2573 701 2627 Idem
740 2593 866 2629 vero
903 2573 1146 2646 primatus
1194 2573 1330 2626 inest
1375 2574 1536 2629 cuivis
1573 2573 1840 2640 Pontifici,
1890 2575 1975 2644 qui
2011 2593 2164 2629 verus

306 2672 358 2716 et
394 2661 647 2733 legitimus
686 2661 783 2726 sit,
831 2659 1035 2714 etiamsi
1071 2661 1135 2713 ob
1174 2660 1418 2732 ancipites
1457 2659 1865 2714 circumstantias
1902 2679 2003 2713 non
2044 2680 2164 2714 con-

306 2759 438 2816 stet,
492 2748 605 2820 quis
649 2748 786 2802 inter
835 2748 1198 2802 contendentes
1248 2747 1315 2801 sit
1362 2747 1616 2819 legitimus
1667 2758 1719 2802 et
1763 2766 1935 2803 verus,
2023 2748 2164 2802 Haec

306 2837 441 2892 enim
490 2836 783 2908 ignorantia
829 2844 997 2908 potest
1044 2836 1240 2906 quidem
1278 2853 1533 2890 excusare
1589 2854 1705 2902 eOS,
1757 2835 1842 2906 qui
1889 2855 2067 2890 verum
2106 2855 2162 2890 re

305 2926 416 2998 ipsa
452 2923 753 2978 Pontificem
790 2923 886 2976 sibi
933 2922 1294 2978 invincibiliter
1342 2924 1571 2995 ignotum
1621 2922 1802 2976 debitis
1841 2924 2019 2977 officiis
2058 2942 2161 2976 non

306 3021 704 3085 prosequuntur-3
753 3021 807 3065 at
843 3010 975 3064 sicut
1022 3011 1241 3084 simplex
1289 3011 1583 3084 ignorantia
1627 3010 1756 3067 ¹nihil
1793 3011 1926 3082 juris
1975 3011 2164 3077 adimit,

306 3111 394 3155 aut
455 3101 676 3154 adimere
743 3108 914 3172 potest
969 3098 1046 3164 ei,
1113 3099 1197 3169 qui
1262 3118 1319 3152 re
1382 3099 1494 3172 ipsa
1566 3116 1718 3154 verus
1783 3107 1836 3151 et
1908 3097 2162 3168 legitimus

306 3188 556 3243 Pontifex
593 3187 689 3254 sit,
745 3187 862 3242 licet
914 3185 1027 3241 aliis
1077 3185 1314 3258 ignotus,
1368 3179 1441 3241 ita
1475 3186 1598 3240 nihil
1629 3184 1764 3258 juris
1814 3184 2018 3251 tribuit,
2077 3194 2163 3237 aut

306 3277 531 3330 tribuere
580 3284 750 3348 potest
798 3275 851 3327 in
888 3274 1051 3347 ipsum
1098 3274 1314 3329 concilio
1365 3274 1592 3345 quamvis
1628 3270 1974 3326 oecumenieO.
2030 3290 2162 3326 sem-

307 3382 396 3435 per
444 3363 679 3418 nimirum
725 3367 806 3430 jus
854 3361 1099 3434 primatus
1153 3371 1325 3416 manet
1380 3381 1438 3416 re
1491 3362 1603 3434 ipsa
1655 3379 1780 3415 vero
1835 3358 2160 3431 legitimoque

308 3449 573 3515 Pontifici,
622 3450 705 3520 qui
743 3468 943 3522 semper
993 3449 1086 3503 hoc
1135 3449 1377 3520 primatus
1418 3449 1533 3518 jure
1584 3465 1640 3500 re
1689 3447 1801 3519 ipsa
1850 3447 1946 3500 toti
1984 3445 2161 3501 Eccle-
