2326 3854
922 154 1093 161 ——-
1190 119 1581 177 184——

316 306 371 340 se
408 297 462 340 ct
499 287 634 361 irriti
674 290 887 343 habendi
925 289 1044 342 sint.
1121 287 1176 340 Id
1216 290 1279 342 ab
1316 289 1427 361 ipso
1467 286 1723 359 Febropio
1763 290 2044 361 ceterisque
2083 290 2169 343 ad-

315 375 560 429 versariis
609 377 997 430 concedendum
1029 385 1138 442 est,
1196 375 1376 448 quippe
1428 376 1512 447 qui
1559 385 1752 430 certam
1807 373 2170 449 Episcoporum

314 471 617 534 potestatem
657 483 759 516 non
797 464 1085 534 negabunt,
1141 481 1235 516 nec
1285 473 1427 517 actus
1467 482 1537 518 ex
1585 483 1646 518 ea
1682 465 1934 536 profectos
1973 464 2172 535 (sitta

312 549 525 603 irritans
564 569 665 603 non
721 550 987 623 impediat)
1047 551 1366 605 affirmabunt
1427 552 1634 618 irritOS,
1686 552 1915 622 quamvis
1972 561 2024 605 et
2077 541 2173 624 ipsi

312 634 552 709 Episcopi
600 637 804 710 proprio
844 640 924 694 vel
975 639 1166 706 alieno
1195 639 1320 694 vitio
1368 657 1459 692 sua
1497 649 1748 712 potestate
1797 639 1932 693 abuti
1970 650 2172 710 queant.

315 723 536 778 Summis
582 726 915 795 potestatibus
952 726 1162 787 *saeculi
1210 736 1351 780 certa
1383 746 1594 800 *quoque
1642 737 1869 800 potestas
1922 737 2032 794 est,
2081 746 2175 782 nec

312 821 483 865 tamen
532 830 604 865 ex
648 801 892 867 ¹abusibus
943 816 1114 869 eadem
1166 823 1392 886 potestas
1440 825 1654 869 vocatur
1701 815 1754 868 in
1804 815 2032 882 dubium,
2082 834 2176 870 nec

312 909 457 952 actus
496 912 864 971 consequentes
902 902 1038 955 irriti
1076 920 1261 976 perse
1299 902 1574 968 habentur,
1624 892 1887 969 ne-'inalo,
1938 903 2067 974 quod
2106 922 2175 958 ex

313 986 438 1059 ipsis
475 988 713 1042 abusibus
752 990 985 1062 provenit
1006 989 1081 1059 ¹),
1140 990 1386 1042 addantur
1423 989 1522 1042 alia
1557 989 1752 1062 publica
1790 990 1998 1057 damna,
2048 1010 2176 1063 quae

314 1094 466 1148 saepe
504 1094 574 1129 ex
625 1077 822 1130 actibus
869 1077 1031 1131 irritis
1077 1077 1132 1130 -in
1182 1077 1523 1146 innocentium
1577 1097 1772 1150 quoque
1827 1078 2177 1132 detrimentum

313 1162 558 1218 redirent.
649 1163 690 1217 Ii
739 1165 959 1235 quidem,
1018 1165 1102 1236 qui
1149 1182 1443 1236 quocunque
1491 1185 1560 1220 ex
1613 1165 1776 1239 capite
1841 1174 2178 1239 cooperantur

315 1251 520 1318 abusui,
561 1251 736 1306 illicite
770 1263 960 1325 agunt:
1011 1244 1065 1307 at
1101 1272 1204 1306 non
1244 1272 1418 1325 omnes
1457 1263 1629 1319 actuS,
1682 1255 1767 1325 qui
1816 1254 1942 1307 fiunt
1986 1254 2178 1320 illicite,

315 1332 435 1391 sunt
473 1338 626 1414 etiam
663 1340 827 1407 irriti,
879 1341 1010 1394 uude
1047 1342 1306 1413 vulgatum
1343 1341 1488 1407 illud,
1542 1342 1722 1396 Multa
1763 1346 1926 1412 facta
1980 1349 2178 1404 tenent,

314 1445 453 1496 quae
484 1431 614 1497 fieri
642 1429 1024 1498 prohibentur.
1099 1427 1178 1482 Illi
1216 1430 1430 1496 abusuS,
1481 1446 1607 1499 quos
1646 1446 1717 1482 ex
1742 1428 2052 1484 limitatione
2089 1449 2180 1486 seu

316 1513 640 1568 restrictione
690 1515 986 1570 facultatum
1022 1514 1289 1590 Episcopis
1336 1514 1724 1588 competentium
1752 1515 2052 1571 ..Febronius
2101 1518 2180 1571 in-

315 1601 468 1674 gerit,
508 1614 559 1657 et
595 1605 895 1676 quandoque
934 1593 1087 1659 etiam
1125 1614 1433 1677 exaggerat,
1471 1622 1679 1658 movere
1717 1604 1883 1658 solent
1919 1604 2179 1677 plurimos,

317 1699 367 1743 et
422 1710 502 1744 me
558 1698 756 1764 quoque
812 1712 915 1747 non
973 1685 1156 1748 leviter
1213 1680 1420 1748 movere
1477 1710 1579 1744 uon
1635 1691 1716 1745 ibo
1772 1691 1982 1746 inficias.
2077 1690 2181 1761 Qui

317 1778 548 1833 omnihus
587 1781 833 1854 ejusmodi
872 1781 1112 1835 abusibus
1149 1780 1423 1835 remedium
1463 1779 1694 1850 quaerit,
1733 1781 2028 1834 laudandus·
2096 1781 2181 1835 At

315 1867 359 1919 si
397 1869 670 1923 remedium
708 1870 923 1924 collocet
944 1864 1011 1923 sin
1049 1868 1281 1941 neganda
1306 1868 1386 1924 vel
1419 1866 1757 1940 impugnanda
1782 1868 2181 1941 legitimaatque

318 1965 460 2010 certa
497 1967 782 2030 potestate,
820 1977 1087 2031 perperam
1127 1967 1179 2012 et
1214 1956 1402 2029 injuste
1439 1957 1564 2028 agit.

463 2045 516 2099 9.
596 2043 1031 2100 Considerandum
1068 2047 1163 2100 hoc
1200 2046 1311 2098 loco
1348 2044 1467 2097 illud
1504 2042 1718 2099 ‚Ioannis
1744 2043 2178 2099 Bartheliitesti-

317 2131 556 2199 monium,
596 2133 726 2204 quod
763 2131 1053 2188 Febronius
1092 2133 1277 2188 recitat
1315 2131 1513 2205 cap..9.
1554 2131 1599 2200 ἓ.
1631 2131 1716 2184 11.
1757 2150 1893 2197 uum.
1935 2131 2096 2210 3.9.(t.
2126 2133 2178 2185 2.

318 2239 435 2292 pag.
467 2220 631 2293 125):
671 2223 867 2276 Donec
907 2223 1360 2282 eraeantstomines,
1398 2227 1559 2292 ergmt
1595 2227 1647 2272 et
1681 2223 1813 2273 vitia
1852 2226 1906 2273 et
1930 2227 2183 2290 peccata,

319 2317 477 2362 erunt
533 2310 765 2373 abusuS,
831 2314 1267 2380 superstition-m,
1339 2310 1723 2361 immoderatus
1788 2311 2077 2377 potcstatis
2133 2315 2187 2361 et

318 2401 658 2451 auctoritatis
696 2406 816 2452 utut
852 2401 1120 2469 leyitimae
1148 2399 1369 2451 abusus.-
1408 2414 1535 2466 quos
1573 2414 1677 2450 non
1716 2395 1957 2468 potestati
1991 2414 2082 2468 per
2108 2414 2183 2461 se,

321 2485 411 2539 sed
463 2485 778 2540 abutentium
825 2486 950 2542 vitio
999 2484 1219 2542 nibuit„
1284 2482 1345 2537 Si
1394 2484 1457 2536 ob
1509 2483 1663 2536 hosce
1713 2483 1900 2558 abusus
1950 2482 2186 2555 neganda

323 2583 461 2627 essct
497 2583 726 2646 potestas
765 2582 885 2628 utut
921 2577 1187 2645 leyitima3
1238 2572 1351 2642 quis
1398 2589 1502 2623 nou
1538 2570 1709 2625 videat
1748 2571 2182 2642 negandamesse

317 2660 624 2732 potestatem
660 2671 766 2713 tum
793 2659 1135 2726 pontificiam,
1166 2669 1279 2722 ¹tum
1315 2652 1682 2731 Episcopalem,
1719 2666 1826 2710 tum
1851 2657 2181 2724 ordinariam,

319 2757 423 2800 tum
462 2748 761 2821 delegatam,
801 2766 932 2818 quae
970 2765 1042 2801 ex
1079 2746 1333 2801 hominum
1373 2745 1482 2801 sive
1519 2743 1797 2817 fragilitate
1836 2745 1944 2801 sive
1983 2745 2178 2799 malitia

320 2835 490 2890 multis
527 2836 752 2890 inficitur
791 2835 1062 2905 abusibus?
1138 2831 1296 2887 Dicat
1333 2832 1412 2898 id,
1452 2833 1496 2888 si
1527 2843 1734 2911 potest,
1771 2831 1815 2886 F
1820 2833 2092 2901 ebroniu83
2131 2843 2183 2887 et

453 3096 489 3154 1)
521 3101 614 3141 Hac
648 3099 702 3139 de
734 3111 862 3139 cansa
893 3098 963 3138 ubi
997 3098 1123 3138 etiam
1154 3098 1223 3138 lex
1262 3097 1437 3137 irritans
1485 3095 1633 3148 adest,
1679 3095 1740 3135 uti
1783 3094 1827 3145 in·
1856 3092 2074 3150 beneficiis
2105 3106 2181 3145 per

319 3162 536 3202 simoniam
570 3161 788 3213 acquisitis
821 3159 992 3199 collatio
1026 3159 1151 3198 irrita
1183 3158 1446 3206 declaratur,
1487 3155 1684 3197 Ecclesia
1712 3166 1796 3195 non
1826 3154 1916 3193 vult
1949 3156 2182 3204 generatim

322 3224 484 3262 irritam
516 3221 868 3265 ministrationem
900 3221 1266 3260 Sacramentorum
1295 3217 1548 3258 matrimonii
1579 3215 1648 3255 vel
1678 3214 1986 3267 poenitentiae,
2019 3216 2127 3266 quae
2158 3226 2184 3254 a

323 3282 503 3334 parocho
545 3282 775 3322 simoniaco
817 3280 1129 3328 ministrantur;
1170 3292 1221 3318 ac
1261 3278 1440 3330 proinde
1481 3277 1562 3325 hoc
1603 3286 1703 3316 casu
1734 3275 1924 3334 titulum,
1959 3287 2078 3327 quem
2107 3286 2184 3316 vo-

323 3347 419 3383 cant
451 3343 710 3391 coloratum,
746 3340 943 3392 Ecclesia
973 3340 1192 3392 supplere,
1227 3339 1294 3379 vel
1325 3338 1466 3391 potius
1497 3337 1630 3388 legem
1662 3335 1897 3375 irritantem
1929 3335 1995 3375 his
2026 3335 2067 3374 in
2101 3334 2180 3374 cir-

322 3403 586 3442 cumstantiis
618 3402 879 3453 restringere
912 3400 1125 3448 creditur,
1166 3411 1220 3439 ne
1248 3398 1502 3439 irritationis
1521 3407 1669 3448 *poena
1701 3395 1950 3436 nocentibus
1993 3394 2181 3445 decreta,

324 3463 505 3502 innoxiis
526 3467 582 3503 set
611 3463 723 3502 bona
754 3461 837 3502 tide
869 3461 1091 3512 agentibus
1125 3462 1289 3502 noceat.
1507 3455 1511 3458 ¹
