<?xml version="1.0" encoding="UTF-8"?>
<!DOCTYPE html PUBLIC "-//W3C//DTD XHTML 1.0 Transitional//EN"
    "http://www.w3.org/TR/xhtml1/DTD/xhtml1-transitional.dtd">
<html xmlns="http://www.w3.org/1999/xhtml" xml:lang="en" lang="en">
 <head>
  <title>
</title>
<meta http-equiv="Content-Type" content="text/html;charset=utf-8" />
  <meta name='ocr-system' content='tesseract 3.04.00' />
  <meta name='ocr-capabilities' content='ocr_page ocr_carea ocr_par ocr_line ocrx_word'/>
</head>
<body>
  <div class='ocr_page' id='page_1' title='image "./ra546170800balluoft_0098.png"; bbox 0 0 2326 3854; ppageno 0'>
   <div class='ocr_carea' id='block_1_1' title="bbox 1006 119 1620 174">
    <p class='ocr_par' dir='ltr' id='par_1_1' title="bbox 1006 119 1620 174">
     <span class='ocr_line' id='line_1_1' title="bbox 1006 119 1620 174; baseline 0.002 -17"><span class='ocrx_word' id='word_1_1' title='bbox 1006 119 1620 174; x_wconf 38' lang='lat'><strong>*32*-</strong></span> 
     </span>
    </p>
   </div>
   <div class='ocr_carea' id='block_1_2' title="bbox 372 280 2240 3494">
    <p class='ocr_par' dir='ltr' id='par_1_2' title="bbox 372 280 2240 1140">
     <span class='ocr_line' id='line_1_2' title="bbox 381 280 2238 357; baseline 0.003 -24"><span class='ocrx_word' id='word_1_2' title='bbox 381 289 558 333; x_wconf 87' lang='lat' dir='ltr'><strong>centro</strong></span> <span class='ocrx_word' id='word_1_3' title='bbox 597 280 806 336; x_wconf 86' lang='lat' dir='ltr'><strong>unitatis</strong></span> <span class='ocrx_word' id='word_1_4' title='bbox 844 283 1119 337; x_wconf 87' lang='lat' dir='ltr'><strong>catholicae</strong></span> <span class='ocrx_word' id='word_1_5' title='bbox 1158 281 1542 350; x_wconf 80' lang='lat' dir='ltr'><strong>dissidentibus,</strong></span> <span class='ocrx_word' id='word_1_6' title='bbox 1594 284 1678 354; x_wconf 88' lang='lat' dir='ltr'><strong>qui</strong></span> <span class='ocrx_word' id='word_1_7' title='bbox 1728 302 1831 337; x_wconf 90' lang='lat' dir='ltr'><strong>non</strong></span> <span class='ocrx_word' id='word_1_8' title='bbox 1867 294 2105 357; x_wconf 88' lang='lat' dir='ltr'><strong>poterant</strong></span> <span class='ocrx_word' id='word_1_9' title='bbox 2143 286 2238 340; x_wconf 90' lang='lat' dir='ltr'><strong>dici</strong></span> 
     </span>
     <span class='ocr_line' id='line_1_3' title="bbox 382 366 2236 445; baseline 0.004 -26"><span class='ocrx_word' id='word_1_10' title='bbox 382 377 470 420; x_wconf 91' lang='lat' dir='ltr'><strong>aut</strong></span> <span class='ocrx_word' id='word_1_11' title='bbox 518 368 691 422; x_wconf 87' lang='lat' dir='ltr'><strong>haberi</strong></span> <span class='ocrx_word' id='word_1_12' title='bbox 743 371 983 441; x_wconf 88' lang='lat' dir='ltr'><strong>generale</strong></span> <span class='ocrx_word' id='word_1_13' title='bbox 1024 366 1334 434; x_wconf 84' lang='lat' dir='ltr'><strong>Concilium,</strong></span> <span class='ocrx_word' id='word_1_14' title='bbox 1385 371 1464 441; x_wconf 91' lang='lat' dir='ltr'><strong>jus</strong></span> <span class='ocrx_word' id='word_1_15' title='bbox 1514 370 1770 442; x_wconf 88' lang='lat' dir='ltr'><strong>generalis</strong></span> <span class='ocrx_word' id='word_1_16' title='bbox 1817 368 2033 431; x_wconf 86' lang='lat' dir='ltr'><strong>Concilii</strong></span> <span class='ocrx_word' id='word_1_17' title='bbox 2082 390 2236 445; x_wconf 89' lang='lat' dir='ltr'><strong>supra</strong></span> 
     </span>
     <span class='ocr_line' id='line_1_4' title="bbox 380 452 2238 531; baseline 0.004 -24"><span class='ocrx_word' id='word_1_18' title='bbox 380 453 572 527; x_wconf 80' lang='lat' dir='ltr'>Papam</span> <span class='ocrx_word' id='word_1_19' title='bbox 612 456 852 528; x_wconf 79' lang='lat' dir='ltr'><strong>colligere</strong></span> <span class='ocrx_word' id='word_1_20' title='bbox 888 457 1022 510; x_wconf 90' lang='lat' dir='ltr'><strong>licet.</strong></span> <span class='ocrx_word' id='word_1_21' title='bbox 1081 452 1277 523; x_wconf 82' lang='lat' dir='ltr'><strong>Quodsi</strong></span> <span class='ocrx_word' id='word_1_22' title='bbox 1310 456 1463 510; x_wconf 89' lang='lat' dir='ltr'><strong>etiam</strong></span> <span class='ocrx_word' id='word_1_23' title='bbox 1499 458 1781 531; x_wconf 87' lang='lat' dir='ltr'><strong>complures</strong></span> <span class='ocrx_word' id='word_1_24' title='bbox 1808 467 1987 513; x_wconf 88' lang='lat' dir='ltr'><strong>contra</strong></span> <span class='ocrx_word' id='word_1_25' title='bbox 2011 459 2238 531; x_wconf 89' lang='lat' dir='ltr'><strong>Aposto-</strong></span> 
     </span>
     <span class='ocr_line' id='line_1_5' title="bbox 381 542 2240 618; baseline 0.003 -24"><span class='ocrx_word' id='word_1_26' title='bbox 381 542 527 595; x_wconf 89' lang='lat' dir='ltr'><strong>licam</strong></span> <span class='ocrx_word' id='word_1_27' title='bbox 575 543 915 597; x_wconf 87' lang='lat' dir='ltr'><strong>definitionem</strong></span> <span class='ocrx_word' id='word_1_28' title='bbox 963 542 1316 615; x_wconf 83' lang='lat' dir='ltr'><strong>conspirarent</strong></span> <span class='ocrx_word' id='word_1_29' title='bbox 1364 543 1527 617; x_wconf 83' lang='lat' dir='ltr'><strong>(quod</strong></span> <span class='ocrx_word' id='word_1_30' title='bbox 1579 545 1782 606; x_wconf 89' lang='lat' dir='ltr'><strong>nonnisi</strong></span> <span class='ocrx_word' id='word_1_31' title='bbox 1820 565 1911 618; x_wconf 87' lang='lat' dir='ltr'><strong>per</strong></span> <span class='ocrx_word' id='word_1_32' title='bbox 1947 546 2111 600; x_wconf 90' lang='lat' dir='ltr'><strong>dolum</strong></span> <span class='ocrx_word' id='word_1_33' title='bbox 2153 558 2240 600; x_wconf 87' lang='lat' dir='ltr'><strong>aut</strong></span> 
     </span>
     <span class='ocr_line' id='line_1_6' title="bbox 379 627 2237 706; baseline 0.003 -24"><span class='ocrx_word' id='word_1_34' title='bbox 379 629 480 682; x_wconf 88' lang='lat' dir='ltr'><strong>vim</strong></span> <span class='ocrx_word' id='word_1_35' title='bbox 519 638 691 702; x_wconf 90' lang='lat' dir='ltr'><strong>posset</strong></span> <span class='ocrx_word' id='word_1_36' title='bbox 727 627 1012 701; x_wconf 82' lang='lat' dir='ltr'><strong>accidere);</strong></span> <span class='ocrx_word' id='word_1_37' title='bbox 1052 648 1199 684; x_wconf 90' lang='lat' dir='ltr'><strong>nemo</strong></span> <span class='ocrx_word' id='word_1_38' title='bbox 1238 631 1316 685; x_wconf 91' lang='lat' dir='ltr'><strong>his</strong></span> <span class='ocrx_word' id='word_1_39' title='bbox 1354 633 1728 687; x_wconf 74' lang='lat' dir='ltr'><strong>oecumenicae-</strong></span> <span class='ocrx_word' id='word_1_40' title='bbox 1744 633 1926 706; x_wconf 81' lang='lat' dir='ltr'><strong>synodi</strong></span> <span class='ocrx_word' id='word_1_41' title='bbox 1962 651 2145 687; x_wconf 90' lang='lat' dir='ltr'><strong>nomen</strong></span> <span class='ocrx_word' id='word_1_42' title='bbox 2187 644 2237 687; x_wconf 89' lang='lat' dir='ltr'><strong>et</strong></span> 
     </span>
     <span class='ocr_line' id='line_1_7' title="bbox 372 714 2238 792; baseline 0.003 -24"><span class='ocrx_word' id='word_1_43' title='bbox 372 720 456 787; x_wconf 86' lang='lat' dir='ltr'><strong>jus</strong></span> <span class='ocrx_word' id='word_1_44' title='bbox 503 725 678 788; x_wconf 90' lang='lat' dir='ltr'><strong>posset</strong></span> <span class='ocrx_word' id='word_1_45' title='bbox 724 714 1030 782; x_wconf 80' lang='lat' dir='ltr'><strong>attribuere,</strong></span> <span class='ocrx_word' id='word_1_46' title='bbox 1079 718 1168 771; x_wconf 91' lang='lat' dir='ltr'><strong>sed</strong></span> <span class='ocrx_word' id='word_1_47' title='bbox 1205 715 1622 792; x_wconf 81' lang='lat' dir='ltr'><strong>Pseudo-synodi</strong></span> <span class='ocrx_word' id='word_1_48' title='bbox 1659 731 1710 774; x_wconf 91' lang='lat' dir='ltr'><strong>et</strong></span> <span class='ocrx_word' id='word_1_49' title='bbox 1748 718 2112 787; x_wconf 88' lang='lat' dir='ltr'><strong>Conciliabuli,</strong></span> <span class='ocrx_word' id='word_1_50' title='bbox 2163 721 2238 774; x_wconf 85' lang='lat' dir='ltr'><strong>uti</strong></span> 
     </span>
     <span class='ocr_line' id='line_1_8' title="bbox 382 800 2239 879; baseline 0.003 -24"><span class='ocrx_word' id='word_1_51' title='bbox 382 802 696 856; x_wconf 89' lang='lat' dir='ltr'><strong>Ariminensi</strong></span> <span class='ocrx_word' id='word_1_52' title='bbox 744 811 796 856; x_wconf 88' lang='lat' dir='ltr'><strong>et</strong></span> <span class='ocrx_word' id='word_1_53' title='bbox 843 800 1366 878; x_wconf 88' lang='lat' dir='ltr'><strong>Pseudo-Ephesinae</strong></span> <span class='ocrx_word' id='word_1_54' title='bbox 1409 807 1627 879; x_wconf 78' lang='lat' dir='ltr'><strong>synodis</strong></span> <span class='ocrx_word' id='word_1_55' title='bbox 1675 807 1872 874; x_wconf 84' lang='lat' dir='ltr'><strong>evenit,</strong></span> <span class='ocrx_word' id='word_1_56' title='bbox 1931 826 2060 878; x_wconf 90' lang='lat' dir='ltr'><strong>quae</strong></span> <span class='ocrx_word' id='word_1_57' title='bbox 2114 826 2239 861; x_wconf 86' lang='lat' dir='ltr'><strong>sane</strong></span> 
     </span>
     <span class='ocr_line' id='line_1_9' title="bbox 379 879 2239 967; baseline 0.003 -25"><span class='ocrx_word' id='word_1_58' title='bbox 379 891 564 943; x_wconf 89' lang='lat' dir='ltr'><strong>nullum</strong></span> <span class='ocrx_word' id='word_1_59' title='bbox 604 889 887 942; x_wconf 88' lang='lat' dir='ltr'><strong>habuerunt</strong></span> <span class='ocrx_word' id='word_1_60' title='bbox 915 891 1003 962; x_wconf 87' lang='lat' dir='ltr'><strong>jus</strong></span> <span class='ocrx_word' id='word_1_61' title='bbox 1041 890 1094 943; x_wconf 93' lang='lat' dir='ltr'><strong>in</strong></span> <span class='ocrx_word' id='word_1_62' title='bbox 1132 910 1377 946; x_wconf 88' lang='lat' dir='ltr'><strong>summum</strong></span> <span class='ocrx_word' id='word_1_63' title='bbox 1413 879 1761 959; x_wconf 70' lang='lat' dir='ltr'><strong>Pontificem,</strong></span> <span class='ocrx_word' id='word_1_64' title='bbox 1795 904 1882 947; x_wconf 87' lang='lat' dir='ltr'><strong>aut</strong></span> <span class='ocrx_word' id='word_1_65' title='bbox 1925 894 1978 947; x_wconf 91' lang='lat' dir='ltr'><strong>in</strong></span> <span class='ocrx_word' id='word_1_66' title='bbox 2024 892 2239 967; x_wconf 87' lang='lat' dir='ltr'><strong>Episco—</strong></span> 
     </span>
     <span class='ocr_line' id='line_1_10' title="bbox 378 967 2236 1053; baseline 0.002 -23"><span class='ocrx_word' id='word_1_67' title='bbox 378 996 469 1049; x_wconf 88' lang='lat' dir='ltr'><strong>pos</strong></span> <span class='ocrx_word' id='word_1_68' title='bbox 519 977 680 1031; x_wconf 89' lang='lat' dir='ltr'><strong>eidem</strong></span> <span class='ocrx_word' id='word_1_69' title='bbox 724 976 1084 1045; x_wconf 84' lang='lat' dir='ltr'><strong>adhaerenteS,</strong></span> <span class='ocrx_word' id='word_1_70' title='bbox 1138 980 1223 1051; x_wconf 89' lang='lat' dir='ltr'><strong>qui</strong></span> <span class='ocrx_word' id='word_1_71' title='bbox 1271 998 1342 1034; x_wconf 86' lang='lat' dir='ltr'><strong>ex</strong></span> <span class='ocrx_word' id='word_1_72' title='bbox 1388 980 1575 1034; x_wconf 89' lang='lat' dir='ltr'><strong>unione</strong></span> <span class='ocrx_word' id='word_1_73' title='bbox 1615 999 1726 1034; x_wconf 89' lang='lat' dir='ltr'><strong>cum</strong></span> <span class='ocrx_word' id='word_1_74' title='bbox 1765 980 1929 1053; x_wconf 88' lang='lat' dir='ltr'><strong>capite</strong></span> <span class='ocrx_word' id='word_1_75' title='bbox 1967 991 2021 1035; x_wconf 90' lang='lat' dir='ltr'><strong>et</strong></span> <span class='ocrx_word' id='word_1_76' title='bbox 2050 967 2236 1036; x_wconf 74' lang='lat' dir='ltr'><strong>vcentro</strong></span> 
     </span>
     <span class='ocr_line' id='line_1_11' title="bbox 380 1062 2053 1140; baseline 0.002 -24"><span class='ocrx_word' id='word_1_77' title='bbox 380 1065 588 1118; x_wconf 87' lang='lat' dir='ltr'><strong>unitatis</strong></span> <span class='ocrx_word' id='word_1_78' title='bbox 623 1064 884 1136; x_wconf 88' lang='lat' dir='ltr'><strong>generalis</strong></span> <span class='ocrx_word' id='word_1_79' title='bbox 924 1062 1142 1120; x_wconf 89' lang='lat' dir='ltr'><strong>Concilii</strong></span> <span class='ocrx_word' id='word_1_80' title='bbox 1177 1067 1325 1120; x_wconf 90' lang='lat' dir='ltr'><strong>titulo</strong></span> <span class='ocrx_word' id='word_1_81' title='bbox 1362 1086 1421 1122; x_wconf 89' lang='lat' dir='ltr'><strong>ac</strong></span> <span class='ocrx_word' id='word_1_82' title='bbox 1453 1069 1571 1140; x_wconf 87' lang='lat' dir='ltr'><strong>jure</strong></span> <span class='ocrx_word' id='word_1_83' title='bbox 1607 1067 1761 1140; x_wconf 87' lang='lat' dir='ltr'><strong>potiri</strong></span> <span class='ocrx_word' id='word_1_84' title='bbox 1798 1077 2053 1140; x_wconf 75' lang='lat' dir='ltr'><strong>poterant.</strong></span> 
     </span>
    </p>

    <p class='ocr_par' dir='ltr' id='par_1_3' title="bbox 372 1151 2238 3494">
     <span class='ocr_line' id='line_1_12' title="bbox 523 1151 2237 1227; baseline 0.004 -23"><span class='ocrx_word' id='word_1_85' title='bbox 523 1151 575 1205; x_wconf 89' lang='lat'><strong>3.</strong></span> <span class='ocrx_word' id='word_1_86' title='bbox 638 1151 823 1223; x_wconf 84' lang='lat' dir='ltr'><strong>Atqui,</strong></span> <span class='ocrx_word' id='word_1_87' title='bbox 861 1152 1093 1223; x_wconf 90' lang='lat' dir='ltr'><strong>inquies,</strong></span> <span class='ocrx_word' id='word_1_88' title='bbox 1140 1154 1186 1207; x_wconf 89' lang='lat' dir='ltr'><strong>si</strong></span> <span class='ocrx_word' id='word_1_89' title='bbox 1222 1152 1413 1208; x_wconf 87' lang='lat' dir='ltr'><strong>Patres</strong></span> <span class='ocrx_word' id='word_1_90' title='bbox 1449 1155 1502 1208; x_wconf 91' lang='lat' dir='ltr'><strong>in</strong></span> <span class='ocrx_word' id='word_1_91' title='bbox 1542 1152 1786 1210; x_wconf 87' lang='lat' dir='ltr'><strong>Conciliis</strong></span> <span class='ocrx_word' id='word_1_92' title='bbox 1826 1155 1979 1212; x_wconf 89' lang='lat' dir='ltr'><strong>etiam</strong></span> <span class='ocrx_word' id='word_1_93' title='bbox 2016 1174 2237 1227; x_wconf 86' lang='lat' dir='ltr'><strong>genera-</strong></span> 
     </span>
     <span class='ocr_line' id='line_1_13' title="bbox 377 1239 2235 1313; baseline 0.003 -21"><span class='ocrx_word' id='word_1_94' title='bbox 377 1240 504 1292; x_wconf 92' lang='lat' dir='ltr'><strong>libus</strong></span> <span class='ocrx_word' id='word_1_95' title='bbox 551 1239 694 1310; x_wconf 90' lang='lat' dir='ltr'><strong>sequi</strong></span> <span class='ocrx_word' id='word_1_96' title='bbox 744 1239 928 1293; x_wconf 88' lang='lat' dir='ltr'><strong>debent</strong></span> <span class='ocrx_word' id='word_1_97' title='bbox 974 1240 1313 1295; x_wconf 88' lang='lat' dir='ltr'><strong>definitionem</strong></span> <span class='ocrx_word' id='word_1_98' title='bbox 1362 1241 1504 1309; x_wconf 90' lang='lat' dir='ltr'><strong>fidei,</strong></span> <span class='ocrx_word' id='word_1_99' title='bbox 1572 1260 1718 1313; x_wconf 88' lang='lat' dir='ltr'><strong>quam</strong></span> <span class='ocrx_word' id='word_1_100' title='bbox 1770 1252 1924 1297; x_wconf 88' lang='lat' dir='ltr'><strong>antea</strong></span> <span class='ocrx_word' id='word_1_101' title='bbox 1973 1241 2235 1297; x_wconf 85' lang='lat' dir='ltr'><strong>Romanus</strong></span> 
     </span>
     <span class='ocr_line' id='line_1_14' title="bbox 376 1325 2237 1402; baseline 0.001 -21"><span class='ocrx_word' id='word_1_102' title='bbox 376 1326 625 1381; x_wconf 86' lang='lat' dir='ltr'><strong>Pontifex</strong></span> <span class='ocrx_word' id='word_1_103' title='bbox 675 1325 947 1394; x_wconf 82' lang='lat' dir='ltr'><strong>edidisset3</strong></span> <span class='ocrx_word' id='word_1_104' title='bbox 1003 1329 1250 1399; x_wconf 90' lang='lat' dir='ltr'><strong>quomodo</strong></span> <span class='ocrx_word' id='word_1_105' title='bbox 1298 1329 1480 1383; x_wconf 90' lang='lat' dir='ltr'><strong>ibidem</strong></span> <span class='ocrx_word' id='word_1_106' title='bbox 1531 1339 1682 1383; x_wconf 89' lang='lat' dir='ltr'><strong>erunt</strong></span> <span class='ocrx_word' id='word_1_107' title='bbox 1727 1330 1839 1386; x_wconf 85' lang='lat' dir='ltr'><strong>veri</strong></span> <span class='ocrx_word' id='word_1_108' title='bbox 1875 1329 2102 1402; x_wconf 80' lang='lat' dir='ltr'><strong>judiceS,</strong></span> <span class='ocrx_word' id='word_1_109' title='bbox 2165 1330 2237 1383; x_wconf 90' lang='lat' dir='ltr'><strong>uti</strong></span> 
     </span>
     <span class='ocr_line' id='line_1_15' title="bbox 377 1412 2234 1490; baseline 0.001 -23"><span class='ocrx_word' id='word_1_110' title='bbox 377 1433 466 1467; x_wconf 89' lang='lat' dir='ltr'><strong>eos</strong></span> <span class='ocrx_word' id='word_1_111' title='bbox 503 1432 618 1468; x_wconf 88' lang='lat' dir='ltr'><strong>esse</strong></span> <span class='ocrx_word' id='word_1_112' title='bbox 657 1419 806 1467; x_wconf 81' lang='lat' dir='ltr'><strong>nenio</strong></span> <span class='ocrx_word' id='word_1_113' title='bbox 843 1413 1060 1468; x_wconf 88' lang='lat' dir='ltr'><strong>inficiari</strong></span> <span class='ocrx_word' id='word_1_114' title='bbox 1096 1417 1298 1488; x_wconf 89' lang='lat' dir='ltr'><strong>potest?</strong></span> <span class='ocrx_word' id='word_1_115' title='bbox 1351 1412 1576 1484; x_wconf 80' lang='lat' dir='ltr'><strong>Quidni?</strong></span> <span class='ocrx_word' id='word_1_116' title='bbox 1623 1415 1762 1471; x_wconf 88' lang='lat' dir='ltr'><strong>Num</strong></span> <span class='ocrx_word' id='word_1_117' title='bbox 1792 1416 1974 1490; x_wconf 85' lang='lat' dir='ltr'><strong>judicis</strong></span> <span class='ocrx_word' id='word_1_118' title='bbox 2013 1415 2144 1470; x_wconf 90' lang='lat' dir='ltr'><strong>ratio</strong></span> <span class='ocrx_word' id='word_1_119' title='bbox 2181 1417 2234 1469; x_wconf 90' lang='lat' dir='ltr'><strong>in</strong></span> 
     </span>
     <span class='ocr_line' id='line_1_16' title="bbox 376 1500 2238 1574; baseline 0.002 -21"><span class='ocrx_word' id='word_1_120' title='bbox 376 1501 610 1555; x_wconf 88' lang='lat' dir='ltr'><strong>libertate</strong></span> <span class='ocrx_word' id='word_1_121' title='bbox 659 1500 990 1556; x_wconf 90' lang='lat' dir='ltr'><strong>dissentiendi</strong></span> <span class='ocrx_word' id='word_1_122' title='bbox 1041 1504 1330 1558; x_wconf 88' lang='lat' dir='ltr'><strong>collocanda</strong></span> <span class='ocrx_word' id='word_1_123' title='bbox 1379 1514 1487 1570; x_wconf 87' lang='lat' dir='ltr'><strong>est,</strong></span> <span class='ocrx_word' id='word_1_124' title='bbox 1543 1504 1618 1557; x_wconf 86' lang='lat' dir='ltr'><strong>ita</strong></span> <span class='ocrx_word' id='word_1_125' title='bbox 1665 1514 1722 1557; x_wconf 93' lang='lat' dir='ltr'><strong>ut</strong></span> <span class='ocrx_word' id='word_1_126' title='bbox 1771 1522 1882 1558; x_wconf 89' lang='lat' dir='ltr'><strong>cum</strong></span> <span class='ocrx_word' id='word_1_127' title='bbox 1931 1504 2238 1574; x_wconf 81' lang='lat' dir='ltr'><strong>obligatione</strong></span> 
     </span>
     <span class='ocr_line' id='line_1_17' title="bbox 376 1588 2232 1663; baseline 0.001 -21"><span class='ocrx_word' id='word_1_128' title='bbox 376 1588 687 1643; x_wconf 88' lang='lat' dir='ltr'><strong>assentiendi</strong></span> <span class='ocrx_word' id='word_1_129' title='bbox 741 1599 883 1643; x_wconf 89' lang='lat' dir='ltr'><strong>stare</strong></span> <span class='ocrx_word' id='word_1_130' title='bbox 931 1607 1035 1642; x_wconf 89' lang='lat' dir='ltr'><strong>non</strong></span> <span class='ocrx_word' id='word_1_131' title='bbox 1084 1591 1282 1663; x_wconf 80' lang='lat' dir='ltr'><strong>possit?</strong></span> <span class='ocrx_word' id='word_1_132' title='bbox 1336 1590 1528 1644; x_wconf 89' lang='lat' dir='ltr'><strong>Nonne</strong></span> <span class='ocrx_word' id='word_1_133' title='bbox 1576 1589 1820 1663; x_wconf 87' lang='lat' dir='ltr'><strong>Episcopi</strong></span> <span class='ocrx_word' id='word_1_134' title='bbox 1864 1590 1919 1643; x_wconf 91' lang='lat' dir='ltr'><strong>in</strong></span> <span class='ocrx_word' id='word_1_135' title='bbox 1957 1588 2232 1646; x_wconf 48' lang='lat' dir='ltr'><strong>Chalcedov</strong></span> 
     </span>
     <span class='ocr_line' id='line_1_18' title="bbox 375 1675 2234 1750; baseline 0.001 -21"><span class='ocrx_word' id='word_1_136' title='bbox 375 1676 521 1730; x_wconf 92' lang='lat' dir='ltr'><strong>nensi</strong></span> <span class='ocrx_word' id='word_1_137' title='bbox 551 1675 749 1748; x_wconf 91' lang='lat' dir='ltr'><strong>judices</strong></span> <span class='ocrx_word' id='word_1_138' title='bbox 785 1677 1016 1741; x_wconf 87' lang='lat' dir='ltr'><strong>fuerunt,</strong></span> <span class='ocrx_word' id='word_1_139' title='bbox 1070 1676 1274 1731; x_wconf 86' lang='lat' dir='ltr'><strong>tametsi</strong></span> <span class='ocrx_word' id='word_1_140' title='bbox 1321 1675 1519 1731; x_wconf 90' lang='lat' dir='ltr'><strong>Leonis</strong></span> <span class='ocrx_word' id='word_1_141' title='bbox 1569 1677 1847 1732; x_wconf 86' lang='lat' dir='ltr'><strong>definitioni</strong></span> <span class='ocrx_word' id='word_1_142' title='bbox 1891 1677 1946 1732; x_wconf 91' lang='lat' dir='ltr'><strong>in</strong></span> <span class='ocrx_word' id='word_1_143' title='bbox 1982 1675 2234 1750; x_wconf 86' lang='lat' dir='ltr'><strong>Eutychis</strong></span> 
     </span>
     <span class='ocr_line' id='line_1_19' title="bbox 374 1762 2234 1838; baseline -0.001 -20"><span class='ocrx_word' id='word_1_144' title='bbox 374 1782 603 1818; x_wconf 87' lang='lat' dir='ltr'><strong>errorem</strong></span> <span class='ocrx_word' id='word_1_145' title='bbox 641 1772 794 1816; x_wconf 86' lang='lat' dir='ltr'><strong>antea</strong></span> <span class='ocrx_word' id='word_1_146' title='bbox 831 1762 1021 1829; x_wconf 90' lang='lat' dir='ltr'><strong>editae,</strong></span> <span class='ocrx_word' id='word_1_147' title='bbox 1061 1773 1113 1817; x_wconf 90' lang='lat' dir='ltr'><strong>et</strong></span> <span class='ocrx_word' id='word_1_148' title='bbox 1151 1765 1213 1817; x_wconf 89' lang='lat' dir='ltr'><strong>ab</strong></span> <span class='ocrx_word' id='word_1_149' title='bbox 1251 1762 1517 1838; x_wconf 86' lang='lat' dir='ltr'><strong>Episcopis</strong></span> <span class='ocrx_word' id='word_1_150' title='bbox 1555 1775 1660 1818; x_wconf 86' lang='lat' dir='ltr'><strong>tum</strong></span> <span class='ocrx_word' id='word_1_151' title='bbox 1700 1765 1931 1819; x_wconf 90' lang='lat' dir='ltr'><strong>Orientis</strong></span> <span class='ocrx_word' id='word_1_152' title='bbox 1955 1774 2059 1818; x_wconf 88' lang='lat' dir='ltr'><strong>tum</strong></span> <span class='ocrx_word' id='word_1_153' title='bbox 2086 1763 2234 1820; x_wconf 86' lang='lat' dir='ltr'><strong>Occi-</strong></span> 
     </span>
     <span class='ocr_line' id='line_1_20' title="bbox 374 1849 2232 1922; baseline 0 -18"><span class='ocrx_word' id='word_1_154' title='bbox 374 1851 538 1906; x_wconf 88' lang='lat' dir='ltr'><strong>dentis</strong></span> <span class='ocrx_word' id='word_1_155' title='bbox 586 1849 933 1922; x_wconf 84' lang='lat' dir='ltr'><strong>subscriptae,</strong></span> <span class='ocrx_word' id='word_1_156' title='bbox 984 1859 1035 1904; x_wconf 86' lang='lat' dir='ltr'><strong>et</strong></span> <span class='ocrx_word' id='word_1_157' title='bbox 1084 1851 1158 1903; x_wconf 90' lang='lat' dir='ltr'><strong>ita</strong></span> <span class='ocrx_word' id='word_1_158' title='bbox 1198 1852 1476 1906; x_wconf 88' lang='lat' dir='ltr'><strong>catholicae</strong></span> <span class='ocrx_word' id='word_1_159' title='bbox 1514 1851 1776 1906; x_wconf 84' lang='lat' dir='ltr'><strong>Ecclesiae</strong></span> <span class='ocrx_word' id='word_1_160' title='bbox 1812 1871 1918 1906; x_wconf 92' lang='lat' dir='ltr'><strong>non</strong></span> <span class='ocrx_word' id='word_1_161' title='bbox 1956 1853 2115 1905; x_wconf 91' lang='lat' dir='ltr'><strong>solum</strong></span> <span class='ocrx_word' id='word_1_162' title='bbox 2153 1861 2232 1905; x_wconf 88' lang='lat' dir='ltr'><strong>ta-</strong></span> 
     </span>
     <span class='ocr_line' id='line_1_21' title="bbox 374 1937 2233 2012; baseline -0.001 -19"><span class='ocrx_word' id='word_1_163' title='bbox 374 1940 506 2005; x_wconf 90' lang='lat' dir='ltr'><strong>cito,</strong></span> <span class='ocrx_word' id='word_1_164' title='bbox 555 1939 642 1992; x_wconf 89' lang='lat' dir='ltr'><strong>sed</strong></span> <span class='ocrx_word' id='word_1_165' title='bbox 683 1937 838 1991; x_wconf 87' lang='lat' dir='ltr'><strong>etiam</strong></span> <span class='ocrx_word' id='word_1_166' title='bbox 877 1955 1128 2008; x_wconf 82' lang='lat' dir='ltr'><strong>expresso</strong></span> <span class='ocrx_word' id='word_1_167' title='bbox 1159 1956 1421 1992; x_wconf 84' lang='lat' dir='ltr'><strong>consensu</strong></span> <span class='ocrx_word' id='word_1_168' title='bbox 1459 1940 1794 2012; x_wconf 87' lang='lat' dir='ltr'><strong>approbatae,</strong></span> <span class='ocrx_word' id='word_1_169' title='bbox 1833 1958 1905 2005; x_wconf 69' lang='lat' dir='ltr'><strong>ex</strong></span> <span class='ocrx_word' id='word_1_170' title='bbox 1943 1948 2233 1992; x_wconf 89' lang='lat' dir='ltr'><strong>nostrorum</strong></span> 
     </span>
     <span class='ocr_line' id='line_1_22' title="bbox 373 2024 2233 2099; baseline 0 -21"><span class='ocrx_word' id='word_1_171' title='bbox 373 2044 570 2096; x_wconf 85' lang='lat' dir='ltr'><strong>quoque</strong></span> <span class='ocrx_word' id='word_1_172' title='bbox 622 2024 1031 2079; x_wconf 87' lang='lat' dir='ltr'><strong>adversariorum</strong></span> <span class='ocrx_word' id='word_1_173' title='bbox 1080 2026 1335 2080; x_wconf 88' lang='lat' dir='ltr'><strong>sententia</strong></span> <span class='ocrx_word' id='word_1_174' title='bbox 1374 2027 1615 2080; x_wconf 84' lang='lat' dir='ltr'><strong>assentiri</strong></span> <span class='ocrx_word' id='word_1_175' title='bbox 1652 2044 1777 2099; x_wconf 88' lang='lat' dir='ltr'><strong>opus</strong></span> <span class='ocrx_word' id='word_1_176' title='bbox 1817 2027 1990 2080; x_wconf 89' lang='lat' dir='ltr'><strong>esset?</strong></span> <span class='ocrx_word' id='word_1_177' title='bbox 2045 2024 2233 2079; x_wconf 91' lang='lat' dir='ltr'><strong>Nonne</strong></span> 
     </span>
     <span class='ocr_line' id='line_1_23' title="bbox 375 2111 2230 2187; baseline -0.002 -20"><span class='ocrx_word' id='word_1_178' title='bbox 375 2112 526 2184; x_wconf 87' lang='lat' dir='ltr'><strong>(Vid.</strong></span> <span class='ocrx_word' id='word_1_179' title='bbox 565 2112 650 2166; x_wconf 91' lang='lat' dir='ltr'><strong>lib.</strong></span> <span class='ocrx_word' id='word_1_180' title='bbox 690 2113 751 2165; x_wconf 89' lang='lat' dir='ltr'><strong>de</strong></span> <span class='ocrx_word' id='word_1_181' title='bbox 788 2111 841 2166; x_wconf 86' lang='lat' dir='ltr'><strong>vi</strong></span> <span class='ocrx_word' id='word_1_182' title='bbox 879 2121 931 2166; x_wconf 91' lang='lat' dir='ltr'><strong>et</strong></span> <span class='ocrx_word' id='word_1_183' title='bbox 967 2121 1066 2165; x_wconf 89' lang='lat' dir='ltr'><strong>rat.</strong></span> <span class='ocrx_word' id='word_1_184' title='bbox 1107 2112 1310 2184; x_wconf 88' lang='lat' dir='ltr'><strong>primat.</strong></span> <span class='ocrx_word' id='word_1_185' title='bbox 1352 2133 1396 2168; x_wconf 88' lang='lat' dir='ltr'><strong>c.</strong></span> <span class='ocrx_word' id='word_1_186' title='bbox 1439 2113 1523 2187; x_wconf 93' lang='grc'><strong>13.</strong></span> <span class='ocrx_word' id='word_1_187' title='bbox 1562 2133 1614 2167; x_wconf 88' lang='lat' dir='ltr'><strong>n.</strong></span> <span class='ocrx_word' id='word_1_188' title='bbox 1656 2113 1776 2181; x_wconf 86' lang='grc'>70.)</span> <span class='ocrx_word' id='word_1_189' title='bbox 1815 2113 2010 2185; x_wconf 86' lang='lat' dir='ltr'><strong>judices</strong></span> <span class='ocrx_word' id='word_1_190' title='bbox 2058 2112 2230 2166; x_wconf 88' lang='lat' dir='ltr'><strong>itidem</strong></span> 
     </span>
     <span class='ocr_line' id='line_1_24' title="bbox 374 2197 2230 2273; baseline -0.002 -18"><span class='ocrx_word' id='word_1_191' title='bbox 374 2210 590 2272; x_wconf 86' lang='lat' dir='ltr'><strong>egerunt</strong></span> <span class='ocrx_word' id='word_1_192' title='bbox 638 2199 710 2252; x_wconf 92' lang='lat' dir='ltr'><strong>illi</strong></span> <span class='ocrx_word' id='word_1_193' title='bbox 753 2198 908 2252; x_wconf 90' lang='lat' dir='ltr'><strong>totius</strong></span> <span class='ocrx_word' id='word_1_194' title='bbox 949 2197 1104 2252; x_wconf 86' lang='lat' dir='ltr'><strong>Orbis</strong></span> <span class='ocrx_word' id='word_1_195' title='bbox 1153 2198 1422 2272; x_wconf 91' lang='lat' dir='ltr'><strong>Episcopi,</strong></span> <span class='ocrx_word' id='word_1_196' title='bbox 1471 2201 1557 2271; x_wconf 92' lang='lat' dir='ltr'><strong>qui</strong></span> <span class='ocrx_word' id='word_1_197' title='bbox 1602 2210 1718 2273; x_wconf 90' lang='lat' dir='ltr'><strong>post</strong></span> <span class='ocrx_word' id='word_1_198' title='bbox 1767 2197 2230 2254; x_wconf 85' lang='lat' dir='ltr'><strong>Chalcedonensem</strong></span> 
     </span>
     <span class='ocr_line' id='line_1_25' title="bbox 373 2285 2231 2360; baseline 0 -20"><span class='ocrx_word' id='word_1_199' title='bbox 373 2287 715 2342; x_wconf 82' lang='lat' dir='ltr'><strong>definitionem</strong></span> <span class='ocrx_word' id='word_1_200' title='bbox 748 2286 921 2356; x_wconf 86' lang='lat' dir='ltr'><strong>utique</strong></span> <span class='ocrx_word' id='word_1_201' title='bbox 953 2287 1360 2359; x_wconf 87' lang='lat' dir='ltr'><strong>peremptoriam,</strong></span> <span class='ocrx_word' id='word_1_202' title='bbox 1386 2285 1567 2342; x_wconf 83' lang='lat' dir='ltr'><strong>Leone</strong></span> <span class='ocrx_word' id='word_1_203' title='bbox 1590 2287 1903 2360; x_wconf 88' lang='lat' dir='ltr'><strong>Imperatore</strong></span> <span class='ocrx_word' id='word_1_204' title='bbox 1927 2287 2231 2360; x_wconf 88' lang='lat' dir='ltr'><strong>postulante,</strong></span> 
     </span>
     <span class='ocr_line' id='line_1_26' title="bbox 373 2373 2230 2447; baseline -0.001 -19"><span class='ocrx_word' id='word_1_205' title='bbox 373 2394 558 2430; x_wconf 90' lang='lat' dir='ltr'><strong>novum</strong></span> <span class='ocrx_word' id='word_1_206' title='bbox 601 2373 842 2446; x_wconf 86' lang='lat' dir='ltr'><strong>judicium</strong></span> <span class='ocrx_word' id='word_1_207' title='bbox 889 2374 1142 2446; x_wconf 84' lang='lat' dir='ltr'><strong>protulere</strong></span> <span class='ocrx_word' id='word_1_208' title='bbox 1190 2374 1404 2443; x_wconf 79' lang='lat' dir='ltr'><strong>litteris,</strong></span> <span class='ocrx_word' id='word_1_209' title='bbox 1463 2394 1592 2446; x_wconf 89' lang='lat' dir='ltr'><strong>quae</strong></span> <span class='ocrx_word' id='word_1_210' title='bbox 1640 2374 1712 2427; x_wconf 74' lang='lat' dir='ltr'><strong>inv</strong></span> <span class='ocrx_word' id='word_1_211' title='bbox 1741 2375 1941 2428; x_wconf 80' lang='lat' dir='ltr'><strong>Codice</strong></span> <span class='ocrx_word' id='word_1_212' title='bbox 1988 2376 2230 2447; x_wconf 76' lang='lat' dir='ltr'><strong>encyclio</strong></span> 
     </span>
     <span class='ocr_line' id='line_1_27' title="bbox 373 2460 2234 2534; baseline -0.003 -17"><span class='ocrx_word' id='word_1_213' title='bbox 373 2462 732 2517; x_wconf 83' lang='lat' dir='ltr'><strong>continentur?</strong></span> <span class='ocrx_word' id='word_1_214' title='bbox 798 2460 999 2520; x_wconf 60' lang='lat' dir='ltr'><strong>,Nonne</strong></span> <span class='ocrx_word' id='word_1_215' title='bbox 1041 2461 1238 2533; x_wconf 88' lang='lat' dir='ltr'><strong>judices</strong></span> <span class='ocrx_word' id='word_1_216' title='bbox 1289 2462 1436 2524; x_wconf 75' lang='lat' dir='ltr'><strong>haud,</strong></span> <span class='ocrx_word' id='word_1_217' title='bbox 1470 2461 1616 2515; x_wconf 89' lang='lat' dir='ltr'><strong>dubie</strong></span> <span class='ocrx_word' id='word_1_218' title='bbox 1666 2463 1870 2515; x_wconf 89' lang='lat' dir='ltr'><strong>fuerunt</strong></span> <span class='ocrx_word' id='word_1_219' title='bbox 1905 2461 2144 2534; x_wconf 90' lang='lat' dir='ltr'><strong>Apostoli</strong></span> <span class='ocrx_word' id='word_1_220' title='bbox 2184 2471 2234 2515; x_wconf 88' lang='lat' dir='ltr'><strong>et</strong></span> 
     </span>
     <span class='ocr_line' id='line_1_28' title="bbox 373 2545 2234 2620; baseline -0.002 -17"><span class='ocrx_word' id='word_1_221' title='bbox 373 2549 604 2603; x_wconf 89' lang='lat' dir='ltr'><strong>seniores</strong></span> <span class='ocrx_word' id='word_1_222' title='bbox 642 2550 694 2602; x_wconf 90' lang='lat' dir='ltr'><strong>in</strong></span> <span class='ocrx_word' id='word_1_223' title='bbox 733 2547 1204 2620; x_wconf 79' lang='lat' dir='ltr'><strong>Hierosolymitano</strong></span> <span class='ocrx_word' id='word_1_224' title='bbox 1245 2547 1505 2614; x_wconf 86' lang='lat' dir='ltr'><strong>Concili0,</strong></span> <span class='ocrx_word' id='word_1_225' title='bbox 1544 2567 1657 2602; x_wconf 87' lang='lat' dir='ltr'><strong>cum</strong></span> <span class='ocrx_word' id='word_1_226' title='bbox 1695 2566 1871 2601; x_wconf 91' lang='lat' dir='ltr'><strong>omnes</strong></span> <span class='ocrx_word' id='word_1_227' title='bbox 1908 2548 1963 2600; x_wconf 92' lang='lat' dir='ltr'><strong>in</strong></span> <span class='ocrx_word' id='word_1_228' title='bbox 2001 2546 2059 2601; x_wconf 92' lang='lat' dir='ltr'><strong>S.</strong></span> <span class='ocrx_word' id='word_1_229' title='bbox 2087 2545 2234 2601; x_wconf 89' lang='lat' dir='ltr'><strong>Petri</strong></span> 
     </span>
     <span class='ocr_line' id='line_1_29' title="bbox 374 2632 2229 2707; baseline -0.002 -17"><span class='ocrx_word' id='word_1_230' title='bbox 374 2636 676 2691; x_wconf 91' lang='lat' dir='ltr'><strong>sententiam</strong></span> <span class='ocrx_word' id='word_1_231' title='bbox 714 2635 1059 2697; x_wconf 88' lang='lat' dir='ltr'><strong>transierunt,</strong></span> <span class='ocrx_word' id='word_1_232' title='bbox 1102 2644 1159 2687; x_wconf 90' lang='lat' dir='ltr'><strong>ut</strong></span> <span class='ocrx_word' id='word_1_233' title='bbox 1195 2635 1394 2691; x_wconf 84' lang='lat' dir='ltr'><strong>notavit</strong></span> <span class='ocrx_word' id='word_1_234' title='bbox 1431 2633 1489 2689; x_wconf 91' lang='lat' dir='ltr'><strong>S.</strong></span> <span class='ocrx_word' id='word_1_235' title='bbox 1529 2634 1877 2707; x_wconf 78' lang='lat' dir='ltr'><strong>Hieronymus</strong></span> <span class='ocrx_word' id='word_1_236' title='bbox 1916 2632 2113 2707; x_wconf 87' lang='lat' dir='ltr'><strong>(Epist.</strong></span> <span class='ocrx_word' id='word_1_237' title='bbox 2143 2635 2229 2689; x_wconf 82' lang='lat'><strong>75.</strong></span> 
     </span>
     <span class='ocr_line' id='line_1_30' title="bbox 372 2719 2231 2794; baseline -0.002 -17"><span class='ocrx_word' id='word_1_238' title='bbox 372 2724 507 2777; x_wconf 90' lang='lat' dir='ltr'><strong>inter</strong></span> <span class='ocrx_word' id='word_1_239' title='bbox 542 2722 820 2794; x_wconf 87' lang='lat' dir='ltr'><strong>Augustin.</strong></span> <span class='ocrx_word' id='word_1_240' title='bbox 860 2741 913 2776; x_wconf 91' lang='lat' dir='ltr'><strong>n.</strong></span> <span class='ocrx_word' id='word_1_241' title='bbox 956 2721 1058 2792; x_wconf 84' lang='lat'><strong>7.),</strong></span> <span class='ocrx_word' id='word_1_242' title='bbox 1097 2722 1298 2776; x_wconf 86' lang='lat' dir='ltr'><strong>etiamsi</strong></span> <span class='ocrx_word' id='word_1_243' title='bbox 1318 2722 1464 2777; x_wconf 70' lang='lat' dir='ltr'><strong>&#39;idem</strong></span> <span class='ocrx_word' id='word_1_244' title='bbox 1501 2720 1560 2776; x_wconf 90' lang='lat' dir='ltr'><strong>S.</strong></span> <span class='ocrx_word' id='word_1_245' title='bbox 1600 2720 1790 2775; x_wconf 88' lang='lat' dir='ltr'><strong>Petrus</strong></span> <span class='ocrx_word' id='word_1_246' title='bbox 1822 2719 2018 2794; x_wconf 89' lang='lat' dir='ltr'><strong>Spiritu</strong></span> <span class='ocrx_word' id='word_1_247' title='bbox 2054 2730 2231 2775; x_wconf 87' lang='lat' dir='ltr'><strong>sancto</strong></span> 
     </span>
     <span class='ocr_line' id='line_1_31' title="bbox 373 2809 2232 2876; baseline -0.002 -11"><span class='ocrx_word' id='word_1_248' title='bbox 373 2810 654 2865; x_wconf 86' lang='lat' dir='ltr'><strong>certissime</strong></span> <span class='ocrx_word' id='word_1_249' title='bbox 693 2811 923 2876; x_wconf 87' lang='lat' dir='ltr'><strong>afflatus,</strong></span> <span class='ocrx_word' id='word_1_250' title='bbox 963 2810 1378 2870; x_wconf 76' lang='lat' dir='ltr'><strong>controversiamv</strong></span> <span class='ocrx_word' id='word_1_251' title='bbox 1401 2820 1520 2864; x_wconf 90' lang='lat' dir='ltr'><strong>ante</strong></span> <span class='ocrx_word' id='word_1_252' title='bbox 1557 2828 1732 2864; x_wconf 88' lang='lat' dir='ltr'><strong>omnes</strong></span> <span class='ocrx_word' id='word_1_253' title='bbox 1771 2809 2022 2864; x_wconf 87' lang='lat' dir='ltr'><strong>definierit</strong></span> <span class='ocrx_word' id='word_1_254' title='bbox 2046 2828 2108 2863; x_wconf 89' lang='lat' dir='ltr'><strong>ea</strong></span> <span class='ocrx_word' id='word_1_255' title='bbox 2133 2809 2232 2862; x_wconf 90' lang='lat' dir='ltr'><strong>uti-</strong></span> 
     </span>
     <span class='ocr_line' id='line_1_32' title="bbox 373 2897 2231 2972; baseline 0 -22"><span class='ocrx_word' id='word_1_256' title='bbox 373 2917 469 2968; x_wconf 90' lang='lat' dir='ltr'><strong>que</strong></span> <span class='ocrx_word' id='word_1_257' title='bbox 506 2898 788 2963; x_wconf 88' lang='lat' dir='ltr'><strong>sententia,</strong></span> <span class='ocrx_word' id='word_1_258' title='bbox 838 2907 1019 2959; x_wconf 77' lang='lat' dir='ltr'><strong>contra</strong></span> <span class='ocrx_word' id='word_1_259' title='bbox 1056 2916 1204 2968; x_wconf 90' lang='lat' dir='ltr'><strong>quam</strong></span> <span class='ocrx_word' id='word_1_260' title='bbox 1242 2898 1378 2951; x_wconf 89' lang='lat' dir='ltr'><strong>licite</strong></span> <span class='ocrx_word' id='word_1_261' title='bbox 1414 2917 1562 2952; x_wconf 91' lang='lat' dir='ltr'><strong>nemo</strong></span> <span class='ocrx_word' id='word_1_262' title='bbox 1602 2897 1875 2952; x_wconf 88' lang='lat' dir='ltr'><strong>catholicus</strong></span> <span class='ocrx_word' id='word_1_263' title='bbox 1911 2906 2114 2970; x_wconf 79' lang='lat' dir='ltr'><strong>poterat</strong></span> <span class='ocrx_word' id='word_1_264' title='bbox 2149 2916 2231 2972; x_wconf 85' lang='lat' dir='ltr'><strong>re-</strong></span> 
     </span>
     <span class='ocr_line' id='line_1_33' title="bbox 374 2980 2229 3058; baseline -0.002 -19"><span class='ocrx_word' id='word_1_265' title='bbox 374 2986 589 3040; x_wconf 89' lang='lat' dir='ltr'><strong>luctari?</strong></span> <span class='ocrx_word' id='word_1_266' title='bbox 642 3023 655 3030; x_wconf 21' lang='grc' dir='ltr'>κ</span> <span class='ocrx_word' id='word_1_267' title='bbox 666 2983 854 3039; x_wconf 90' lang='lat' dir='ltr'><strong>Nonne</strong></span> <span class='ocrx_word' id='word_1_268' title='bbox 894 2984 980 3057; x_wconf 89' lang='lat' dir='ltr'><strong>(ut</strong></span> <span class='ocrx_word' id='word_1_269' title='bbox 1016 2985 1115 3039; x_wconf 89' lang='lat' dir='ltr'><strong>alia</strong></span> <span class='ocrx_word' id='word_1_270' title='bbox 1153 2984 1412 3058; x_wconf 83' lang='lat' dir='ltr'><strong>omittam)</strong></span> <span class='ocrx_word' id='word_1_271' title='bbox 1458 2986 1511 3038; x_wconf 93' lang='lat' dir='ltr'><strong>in</strong></span> <span class='ocrx_word' id='word_1_272' title='bbox 1548 2985 1659 3058; x_wconf 91' lang='lat' dir='ltr'><strong>ipso</strong></span> <span class='ocrx_word' id='word_1_273' title='bbox 1698 2984 2003 3039; x_wconf 89' lang='lat' dir='ltr'><strong>Tridentino</strong></span> <span class='ocrx_word' id='word_1_274' title='bbox 2044 2980 2229 3037; x_wconf 86' lang='lat' dir='ltr'><strong>Conci-</strong></span> 
     </span>
     <span class='ocr_line' id='line_1_34' title="bbox 372 3070 2229 3146; baseline -0.001 -22"><span class='ocrx_word' id='word_1_275' title='bbox 372 3073 439 3126; x_wconf 85' lang='lat' dir='ltr'><strong>lio</strong></span> <span class='ocrx_word' id='word_1_276' title='bbox 476 3072 592 3128; x_wconf 85' lang='lat' dir='ltr'><strong>veri</strong></span> <span class='ocrx_word' id='word_1_277' title='bbox 619 3072 816 3145; x_wconf 87' lang='lat' dir='ltr'><strong>judices</strong></span> <span class='ocrx_word' id='word_1_278' title='bbox 854 3074 1058 3127; x_wconf 88' lang='lat' dir='ltr'><strong>fuerunt</strong></span> <span class='ocrx_word' id='word_1_279' title='bbox 1083 3071 1324 3146; x_wconf 87' lang='lat' dir='ltr'><strong>Episcopi</strong></span> <span class='ocrx_word' id='word_1_280' title='bbox 1362 3074 1521 3145; x_wconf 88' lang='lat' dir='ltr'><strong>quoad</strong></span> <span class='ocrx_word' id='word_1_281' title='bbox 1563 3091 1624 3130; x_wconf 80' lang='lat' dir='ltr'><strong>ea</strong></span> <span class='ocrx_word' id='word_1_282' title='bbox 1653 3090 1849 3143; x_wconf 84' lang='lat' dir='ltr'><strong>quoque</strong></span> <span class='ocrx_word' id='word_1_283' title='bbox 1868 3070 1982 3124; x_wconf 86' lang='lat' dir='ltr'><strong>fidei</strong></span> <span class='ocrx_word' id='word_1_284' title='bbox 2007 3071 2229 3136; x_wconf 87' lang='lat' dir='ltr'><strong>decreta,</strong></span> 
     </span>
     <span class='ocr_line' id='line_1_35' title="bbox 373 3151 2230 3230; baseline -0.001 -18"><span class='ocrx_word' id='word_1_285' title='bbox 373 3160 551 3230; x_wconf 92' lang='lat' dir='ltr'><strong>quibus</strong></span> <span class='ocrx_word' id='word_1_286' title='bbox 591 3161 893 3214; x_wconf 86' lang='lat' dir='ltr'><strong>damnarunt</strong></span> <span class='ocrx_word' id='word_1_287' title='bbox 931 3160 1171 3216; x_wconf 88' lang='lat' dir='ltr'><strong>haereses</strong></span> <span class='ocrx_word' id='word_1_288' title='bbox 1211 3180 1239 3214; x_wconf 87' lang='lat' dir='ltr'><strong>a</strong></span> <span class='ocrx_word' id='word_1_289' title='bbox 1278 3151 1609 3216; x_wconf 87' lang='lat' dir='ltr'><strong>novatoribus</strong></span> <span class='ocrx_word' id='word_1_290' title='bbox 1646 3158 1915 3230; x_wconf 78' lang='lat' dir='ltr'><strong>repetitaS,</strong></span> <span class='ocrx_word' id='word_1_291' title='bbox 1957 3167 2009 3211; x_wconf 91' lang='lat' dir='ltr'><strong>et</strong></span> <span class='ocrx_word' id='word_1_292' title='bbox 2041 3157 2230 3230; x_wconf 83' lang='lat' dir='ltr'><strong>pluries</strong></span> 
     </span>
     <span class='ocr_line' id='line_1_36' title="bbox 373 3236 2229 3319; baseline -0.001 -19"><span class='ocrx_word' id='word_1_293' title='bbox 373 3248 524 3301; x_wconf 89' lang='lat' dir='ltr'><strong>etiam</strong></span> <span class='ocrx_word' id='word_1_294' title='bbox 564 3259 716 3303; x_wconf 84' lang='lat' dir='ltr'><strong>antea</strong></span> <span class='ocrx_word' id='word_1_295' title='bbox 753 3249 1046 3316; x_wconf 83' lang='lat' dir='ltr'><strong>damnataS,</strong></span> <span class='ocrx_word' id='word_1_296' title='bbox 1099 3248 1197 3303; x_wconf 92' lang='lat' dir='ltr'><strong>etsi</strong></span> <span class='ocrx_word' id='word_1_297' title='bbox 1233 3267 1381 3303; x_wconf 89' lang='lat' dir='ltr'><strong>nemo</strong></span> <span class='ocrx_word' id='word_1_298' title='bbox 1419 3249 1480 3301; x_wconf 88' lang='lat' dir='ltr'><strong>de</strong></span> <span class='ocrx_word' id='word_1_299' title='bbox 1509 3236 1888 3319; x_wconf 61' lang='lat' dir='ltr'><strong>justa&#39;inarum</strong></span> <span class='ocrx_word' id='word_1_300' title='bbox 1926 3246 2229 3306; x_wconf 89' lang='lat' dir='ltr'><strong>condemna-</strong></span> 
     </span>
     <span class='ocr_line' id='line_1_37' title="bbox 374 3320 2227 3408; baseline -0.002 -22"><span class='ocrx_word' id='word_1_301' title='bbox 374 3334 511 3388; x_wconf 80' lang='lat' dir='ltr'><strong>tione</strong></span> <span class='ocrx_word' id='word_1_302' title='bbox 548 3320 722 3407; x_wconf 85' lang='lat' dir='ltr'><strong>posset</strong></span> <span class='ocrx_word' id='word_1_303' title='bbox 760 3336 1050 3408; x_wconf 77' lang='lat' dir='ltr'><strong>ambigere?</strong></span> <span class='ocrx_word' id='word_1_304' title='bbox 1120 3335 1179 3389; x_wconf 81' lang='lat' dir='ltr'><strong>Si</strong></span> <span class='ocrx_word' id='word_1_305' title='bbox 1218 3334 1498 3390; x_wconf 83' lang='lat' dir='ltr'><strong>adversarii</strong></span> <span class='ocrx_word' id='word_1_306' title='bbox 1536 3352 1647 3388; x_wconf 46' lang='lat' dir='ltr'><strong>nonx</strong></span> <span class='ocrx_word' id='word_1_307' title='bbox 1675 3341 1896 3404; x_wconf 85' lang='lat' dir='ltr'><strong>negent,</strong></span> <span class='ocrx_word' id='word_1_308' title='bbox 1946 3330 2227 3405; x_wconf 89' lang='lat' dir='ltr'><strong>Episcopos</strong></span> 
     </span>
     <span class='ocr_line' id='line_1_38' title="bbox 373 3418 2227 3494; baseline -0.003 -20"><span class='ocrx_word' id='word_1_309' title='bbox 373 3422 426 3475; x_wconf 89' lang='lat' dir='ltr'><strong>in</strong></span> <span class='ocrx_word' id='word_1_310' title='bbox 477 3423 614 3477; x_wconf 89' lang='lat' dir='ltr'><strong>bisce</strong></span> <span class='ocrx_word' id='word_1_311' title='bbox 654 3423 1047 3477; x_wconf 86' lang='lat' dir='ltr'><strong>circumstantiis</strong></span> <span class='ocrx_word' id='word_1_312' title='bbox 1096 3423 1252 3478; x_wconf 80' lang='lat' dir='ltr'><strong>fuisse</strong></span> <span class='ocrx_word' id='word_1_313' title='bbox 1289 3439 1442 3478; x_wconf 85' lang='lat' dir='ltr'><strong>veros</strong></span> <span class='ocrx_word' id='word_1_314' title='bbox 1471 3421 1708 3494; x_wconf 80' lang='lat' dir='ltr'><strong>judiceS,</strong></span> <span class='ocrx_word' id='word_1_315' title='bbox 1758 3420 1874 3475; x_wconf 86' lang='lat' dir='ltr'><strong>licet</strong></span> <span class='ocrx_word' id='word_1_316' title='bbox 1912 3419 1972 3473; x_wconf 92' lang='lat' dir='ltr'><strong>de</strong></span> <span class='ocrx_word' id='word_1_317' title='bbox 2011 3418 2227 3472; x_wconf 83' lang='lat' dir='ltr'><strong>delinitis</strong></span> 
     </span>
    </p>
   </div>
  </div>
 </body>
</html>
