2326 3854
667 160 1266 217 *89*

58 336 170 403 jure
207 329 498 400 succedunt)
555 339 711 381 totam
768 337 1112 399 repraesentat
1159 324 1434 378 Ecclesiam
1478 333 1714 392 tanquam
1763 327 1866 394 ejus

66 426 236 486 caput,
283 425 332 468 et
368 414 603 485 peculiari
639 432 829 483 quoque
875 414 1071 465 nomine
1119 422 1350 480 tanquam
1386 407 1689 463 Patriarcha
1723 408 1868 461 Occi-

66 502 224 554 dentis
270 511 425 553 totam
475 508 818 569 repraesentat
857 497 1220 550 Occidentalem
1266 493 1559 548 Ecclesiam.
1647 491 1870 546 Concilia

66 587 216 656 igitur
265 583 616 655 quamplurium
663 582 1018 654 Episcoporum
1059 580 1395 634 Orientalium
1435 597 1536 631 una
1584 597 1690 632 cum
1728 577 1871 649 Papa

67 678 473 742 repraesentante
519 677 674 719 totam
723 663 1023 719 catholicam
1063 686 1119 719 ac
1170 665 1463 737 praesertim
1503 663 1870 723 Occidentalem

65 754 364 820 Ecclesiam,
407 756 523 824 jure
560 771 649 822 pro
689 752 1016 805 oecumenicis
1062 762 1217 804 totam
1265 749 1555 802 catholicam
1591 748 1870 802 Ecclesiam

68 838 578 911 repraesentantibus,
617 857 688 890 ac>
709 838 860 890 totius
897 835 1155 889 Ecclesiae
1184 834 1576 905 jurisdictionem
1613 834 1870 888 continen-

66 927 193 977 tibus
232 925 400 979 habita
438 932 571 975 sunt.

206 1010 256 1061 6.
334 1009 552 1061 Romani
589 1008 778 1077 quidem
816 1005 1076 1060 Pontificis
1113 1017 1255 1061 tanta
1288 1025 1409 1078 prae
1448 1006 1627 1059 ceteris
1663 1003 1873 1076 Episco-

66 1096 140 1167 pis
178 1096 307 1147 ratio
345 1104 579 1162 tantaque
617 1092 669 1143 in
705 1092 1017 1162 generalibus
1057 1091 1276 1145 conciliis
1311 1091 1583 1143 necessitas
1618 1091 1710 1142 fuit
1747 1090 1874 1142 anti-

68 1181 176 1249 quis
215 1180 362 1232 etiam
399 1177 698 1250 temporibus
736 1177 934 1241 habita,
990 1187 1044 1228 ut
1093 1177 1136 1229 si
1173 1178 1420 1231 ,abessent
1465 1176 1551 1228 alii
1600 1175 1875 1244 quicunque

69 1265 216 1318 etiam
269 1264 671 1334 Apostolicarum
738 1280 794 1314 ac
848 1261 1263 1315 Patriar'chalium
1329 1261 1513 1314 sedium
1582 1260 1874 1324 AntistiteS,

69 1350 189 1402 1111111
224 1349 505 1419 praejudicii
542 1357 760 1401 creatum
796 1357 1054 1417 putaretur
1102 1347 1308 1401 concilio
1355 1346 1694 1399 oecumenico:
1769 1345 1876 1397 Ro-

68 1452 241 1487 manus
276 1453 397 1488 vero
437 1435 480 1486 si
527 1452 618 1487 nec
654 1452 743 1504 per
795 1442 850 1486 se
887 1451 978 1486 nec
1024 1451 1113 1505 per
1151 1435 1345 1503 legatos
1383 1423 1616 1496 adesset,
1653 1432 1874 1503 synodus

70 1519 315 1590 quaelibet
369 1519 518 1572 etiam
581 1518 993 1587 frequentissima*
1043 1536 1144 1570 non
1200 1527 1487 1570 censeretur
1543 1515 1874 1569 oecumenica.

72 1605 336 1659 Rationem
388 1603 695 1674 praecipuam
747 1603 982 1656 indicavit
1017 1602 1294 1655 Bossuetus
1342 1601 1486 1673 (Lib.
1531 1601 1616 1654 10.
1670 1600 1875 1654 DefenS.

73 1709 115 1743 0.
156 1690 242 1742 23.
281 1700 316 1754 t.
355 1690 406 1741 2.
445 1707 560 1759 pag.
599 1687 763 1757 227),
802 1706 908 1740 cum
947 1706 1046 1739 non
1084 1686 1323 1741 dubitavit
1359 1687 1606 1738 affirmare
1642 1686 1878 1755 generale

73 1774 328 1827 concilium
374 1778 544 1843 ipsum
594 1778 748 1825 etiam
795 1775 1075 1842 complecti
1123 1774 1359 1841 Papam,
1416 1779 1465 1823 et
1513 1772 1719 1841 quidem
1768 1779 1878 1823 tan-

74 1880 226 1930 quam
262 1867 436 1928 caput.
529 1857 670 1911 Sicut
718 1857 846 1910 enim
896 1868 1040 1929 caput
1084 1858 1420 1911 necessarium
1475 1867 1553 1909 est
1601 1856 1880 1927 integritati

74 1945 324 2016 corp‘oris3
372 1943 443 1996 ita
471 1942 615 2013 Papa
660 1953 896 2012 tanquam
945 1953 1089 2013 caput
1125 1942 1381 1996 Ecclesiae
1426 1943 1766 1997 necessarium
1804 1952 1882 1998 est

74 2029 278 2081 concilio
317 2027 628 2081 oecumenico
668 2027 748 2098 (V
748 2028 813 2079 id.
854 2045 960 2098 sup.
1001 2046 1044 2080 c.
1084 2029 1149 2080 4.,
1185 2047 1234 2079 11.
1275 2027 1388 2100 4.),
1433 2029 1560 2097 quod
1596 2027 1881 2081 universam

58 2106 362 2167 'Ecclesiam'
387 2123 761 2184 repraesentat,
800 2131 895 2181 quo
933 2113 1125 2181 quidem
1163 2113 1322 2184 capite
1360 2113 1405 2165 si
1442 2122 1665 2177 careret,
1704 2130 1881 2183 corpus

76 2209 222 2252 esset
272 2208 603 2250 monstrosum
672 2209 816 2267 atque
871 2199 1166 2268 acephalum.
1279 2197 1467 2264 Quodsi
1539 2198 1715 2268 negari
1782 2215 1882 2249 non

77 2294 254 2355 potest,
292 2302 385 2335 nec
420 2283 646 2335 revocari
682 2283 731 2334 in
769 2283 978 2347 dubium,
1018 2285 1134 2352 quin
1170 2284 1266 2354 ipsi
1292 2284 1439 2354 capiti
1466 2272 1707 2354 competat
1731 2301 1883 2352 gene-

80 2369 171 2420 rali
208 2367 412 2420 concilio
450 2366 759 2436 praesidere,
811 2386 906 2435 qua
943 2369 1001 2420 de
1045 2387 1194 2420 causa
1231 2367 1415 2421 Patres
1454 2366 1883 2421 Chalcedonenses

81 2454 292 2506 confessi
335 2461 451 2505 sunt
497 2449 719 2504 Leonem
766 2451 954 2523 Papam
1003 2454 1096 2505 sibi
1140 2454 1440 2524 praefuisse,
1485 2453 1885 2522 quemadmodum

80 2549 220 2609 caput
246 2537 475 2590 membris
501 2546 726 2606 praeest3
766 2537 874 2605 quis
914 2557 1012 2590 11011
1050 2538 1215 2592 videat
1238 2557 1408 2609 parem
1445 2539 1690 2590 rationem
1715 2537 1887 2589 haberi

79 2642 178 2677 non
221 2622 440 2693 potuisse
486 2622 543 2673 de
598 2622 694 2674 alio
744 2641 1030 2693 quocunque
1090 2626 1333 2694 majorum
1394 2624 1579 2676 sedium
1621 2622 1885 2694 Episcop0,

81 2708 162 2776 qui
197 2726 296 2759 non
331 2707 402 2758 ita
437 2707 733 2760 universalis
758 2706 1012 2761 Ecclesiae
1050 2719 1195 2778 atque
1233 2708 1426 2762 concilii
1464 2709 1713 2779 generalis
1739 2718 1887 2779 caput

83 2790 378 2843 constitutus
408 2791 507 2843 dici
550 2802 740 2861 potest,
785 2793 856 2843 uti
891 2792 1034 2864 Papa
1079 2812 1147 2847 ex
1194 2794 1507 2846 institutione
1542 2793 1731 2847 Christi
1769 2812 1885 2846 con-

84 2875 282 2927 stitutus
319 2874 443 2925 fuit?

226 2959 276 3012 7.
350 2957 492 3011 Hanc
530 2961 731 3015 eandem
769 2963 966 3032 hujusce
1000 2964 1173 3033 capitis
1209 2965 1556 3018 necessitatem
1593 2963 1689 3016 alia
1726 2963 1888 3016 effica-

85 3042 204 3097 ciori
249 3042 441 3095 ratione
487 3045 740 3098 insinuant
776 3045 1120 3113 ParisienseS,
1167 3049 1225 3101 de
1273 3050 1446 3118 quibus
1494 3051 1616 3102 haec
1664 3049 1888 3100 laudatus

84 3127 356 3180 Bossuetus
396 3127 642 3197 (Dissert.
681 3132 884 3199 praevia
920 3131 1126 3185 DefenS.
1165 3134 1211 3200 ξ.
1249 3135 1336 3187 84.
1375 3148 1488 3203 pag.
1518 3133 1614 3199 74)
1653 3132 1888 3203 prodidit:

91 3213 420 3274 Parisienses
470 3216 612 3266 ultro
646 3212 688 3284 ¹)
735 3221 1091 3278 consentiunt,
1153 3237 1222 3270 ex
1271 3221 1642 3285 antiquissimis
1692 3203 1889 3286 reyulis

219 3394 252 3446 ¹)
282 3398 397 3437 Haec
425 3412 524 3445 sane
553 3402 842 3442 Parisiensium
875 3404 1082 3443 sententia
1115 3403 1306 3443 convenit
1338 3416 1427 3443 cum
1463 3404 1543 3445 iuis
1576 3405 1769 3455 Gregorii
1801 3406 1889 3445 XII.
