2326 3854
705 224 1092 283 ——209
1186 255 1349 265 --—-—

125 410 270 462 quam
306 392 440 457 dioc,
489 409 643 463 pauca
690 392 930 461 quaedam
969 388 1402 443 animadvertenda
1439 397 1554 441 sunt
1600 388 1732 441 circa
1787 386 1935 442 aliam

123 478 301 531 thesim
338 478 398 529 ab
437 495 496 530 eo
533 477 836 548 propositam
874 494 917 528 c.
959 475 1008 526 l.
1049 474 1096 541 §.
1134 475 1187 526 4.
1227 493 1353 543 quae
1390 474 1448 526 ad
1487 472 1804 526 eximendum
1843 491 1936 526 ex-

127 561 616 615 communicationum
663 571 845 614 metum
897 560 1124 612 conferre
1168 578 1316 630 posse
1362 558 1574 614 videtur.
1649 556 1729 609 En
1778 557 1933 628 ipsius

126 646 282 699 thesis
327 647 482 700 verba
537 646 605 716 (t.
646 646 696 697 1.
757 663 875 716 pag,
911 644 1044 714 83)=
1119 643 1355 714 Antiqua
1399 647 1540 697 ratio
1590 646 1938 696 excommuni-

125 733 287 784 candi
322 737 534 802 ejusque
553 736 653 802 jus
688 750 794 783 non
833 737 988 782 erant
1022 734 1232 799 effectus
1252 731 1650 800 jurisdictionis
1697 735 1939 796 respectu

126 818 582 868 excommunicati.
667 813 829 867 Sicuti
888 814 1002 866 olim
1060 815 1420 867 concedebatur
1476 813 1768 870 communio·
1787 824 1790 826 ’
1811 813 1938 865 reci-

125 901 300 972 piendo
347 899 471 952 alios
525 899 673 952 etiam
722 918 821 960 non
868 899 1090 951 subditos
1135 899 1187 951 in
1243 899 1663 965 com-munionem,
1712 898 1786 951 ita
1820 916 1938 951 vex-

126 984 531 1049 communicatio,
579 1002 705 1054 quae
753 984 1079 1038 communioni
1116 984 1422 1055 opponitur,
1467 984 1632 1055 reipsa
1668 983 1794 1035 nihil·
1827 993 1940 1037 erat

126 1071 254 1123 aliud
301 1070 401 1122 nisi
446 1070 656 1138 aliquem
705 1088 735 1122 a
780 1087 871 1123 sua
921 1069 1260 1123 communione
1310 1069 1604 1122 excludere:
1654 1069 1784 1138 quod
1831 1086 1939 1122 cum

126 1155 233 1208 fieri
277 1164 446 1227 posset
490 1153 638 1208 etiam
686 1154 739 1206 in
788 1172 898 1219 ecc,
952 1155 1034 1224 qui
1070 1153 1248 1207 subditi
1294 1169 1394 1206 non
1442 1164 1584 1218 sunt,
1641 1163 1692 1206 et
1726 1153 1778 1205 in
1816 1172 1939 1222 quos

127 1241 261 1293 nulla
307 1249 385 1294 est
431 1239 629 1311 proprie
677 1239 808 1291 dicta
851 1239 1159 1310 jurisdictio,
1212 1238 1324 1291 hinc
1371 1238 1938 1292 excommunicationem

127 1344 226 1378 non
264 1342 400 1378 csse
455 1324 678 1379 effectum
741 1313 1097 1394 jurisdictionis
1152 1321 1435 1376 Febronius
1489 1323 1708 1394 scripsit.
1795 1322 1942 1375 Tunc

125 1410 352 1464 videlicet
402 1418 592 1461 tantum
658 1409 718 1460 ab
770 1406 1033 1480 Episcopis
1101 1404 1262 1462 actum
1311 1408 1676 1479 jurisdictionis
1742 1407 1941 1479 proprie

127 1495 285 1548 dictae
321 1493 790 1565 excommunicando
829 1493 1062 1547 exerceri
1097 1493 1392 1565 praesumit,
1430 1511 1540 1546 cum
1578 1493 1788 1562 aliquem
1825 1494 1944 1545 sub-

127 1581 278 1632 ditum
314 1598 344 1632 a
381 1597 471 1632 sua
507 1577 848 1641 communione
883 1579 1150 1650 repellunt,
1199 1597 1300 1632 non
1335 1596 1460 1633 vero
1498 1595 1607 1631 cum
1637 1578 1715 1630 in
1753 1578 1944 1632 alienos

128 1666 427 1732 sententiam
471 1666 654 1717 ferunt.
726 1662 803 1716 Ita
850 1681 998 1736 porro
1044 1662 1324 1717 Febronius
1375 1682 1444 1718 cx
1486 1664 1613 1716 falso
1663 1663 1741 1716 sui
1778 1673 1945 1735 syste-

129 1752 274 1804 matis
328 1749 566 1822 principio
621 1747 850 1801 Romano
898 1747 1131 1802 Pontifici
1186 1749 1407 1802 subditos
1460 1757 1639 1819 negat,
1694 1748 1775 1818 qui
1831 1748 1944 1801 aliis

128 1835 391 1907 Episcopis
427 1833 777 1905 subjiciuntur:
825 1834 951 1903 quod
990 1835 1171 1888 evertit
1215 1835 1373 1907 ipsam
1423 1834 1662 1906 primatus
1699 1843 1946 1899 naturam,

131 1940 230 1991 qua
262 1921 402 1974 ·idem
440 1919 683 1973 Pontifex
731 1921 847 1991 jure
893 1919 1071 1974 divino
1113 1931 1167 1974 et·
1193 1920 1540 1991 jurisdictione
1575 1919 1776 1990 proprie
1813 1919 1944 1972 dicta

129 2015 362 2074 tanquam
407 2012 630 2058 'summus
676 2015 848 2075 pastor
890 2005 1141 2076 praesidet
1197 2004 1405 2075 singulis
1453 2015 1504 2058 et
1559 2005 1785 2058 omnibus
1838 2013 1944 2058 tum

128 2088 390 2162 Episcopis
424 2099 540 2142 <tum
577 2089 755 2143 ovibus
798 2089 969 2160 gregis
1017 2089 1263 2150 dominici.
1335 2088 1808 2143 Excommunicandi
1840 2092 1944 2161 juS,

128 2176 180 2228 in
216 2184 463 2246 potestate
498 2174 684 2245 ligandi
704 2175 973 2239 fundatum,
1010 2184 1090 2228 >est
1120 2177 1205 2246 jus
1242 2175 1502 2247 separandi
1538 2194 1568 2227 a
1603 2175 1946 2228 communione

130 2270 180 2314 et
225 2260 416 2313 unitate
449 2258 735 2325 Ecclesiae,
780 2260 856 2312 vita
902 2269 980 2311 ut‘
1005 2261 1461 2313 excommunicatus
1495 2260 1648 2335 veluti
1685 2260 1946 2330 *praecisus

131 2347 192 2398 ab
230 2344 487 2398 Ecclesiae
532 2363 768 2416 corpore,
815 2343 1064 2402 habendus
1113 2346 1179 2398 sit
1214 2355 1461 2414 ¹tauquam
1498 2344 1721 2397 ethnicus
1770 2354 1821 2397 et
1857 2350 1947 2416 pu-

129 2430 363 2483 blicanuS.
434 2428 691 2482 Notanda‘*
709 2439 872 2482 autem
927 2430 1020 2482 hac
1066 2430 1119 2482 in
1156 2449 1212 2484 re
1261 2431 1512 2483 distinctio
1562 2430 1695 2482 inter
1731 2429 1948 2482 Romani

132 2515 391 2568 Pontificis
445 2524 496 2567 et
537 2515 746 2567 aliorum
779 2512 1151 2587 Episcoporum-
1182 2516 1743 2570 excommunicationes.
1819 2515 1945 2569 Cum

131 2602 237 2666 ine,
282 2601 364 2670 qui
409 2600 461 2652 in
507 2618 680 2653 omnes
730 2610 780 2653 et
823 2600 1044 2671 singulos
1092 2601 1360 2655 catholicos
1388 2604 1472 2673 jus
1510 2602 1685 2665 habet,
1734 2601 1945 2670 aliquem

131 2685 642 2739 excommunicatione
696 2695 767 2741 etr
799 2687 1111 2740 anathemate
1158 2687 1354 2758 plectit3
1406 2706 1514 2741 eum
1564 2704 1665 2739 non
1713 2687 1867 2738 solum
1918 2704 1947 2739 a

132 2789 224 2822 sua
278 2779 328 2822 et
385 2768 649 2823 Romanae
710 2771 1021 2841 particularis
1075 2771 1336 2826 Ecclesiae
1403 2773 1744 2826 communione
1798 2772 1947 2842 ejicit,

131 2873 302 2908 verum
340 2855 486 2907 etiam
522 2854 760 2924 praecidit
795 2865 846 2908 et
881 2856 1019 2926 ejicit
1042 2875 1073 2909 a
1096 2857 1438 2910 communione
1477 2867 1528 2909 et
1565 2857 1769 2909 unitate:
1794 2857 1948 2909 totius

132 2938 388 2993 Ecclesiae
429 2939 735 3004 catholicae,
786 2958 914 3008 quae
943 2940 1059 3011 -ipsi
1104 2951 1342 3010 tanquam
1380 2941 1527 3012 capiti
1577 2952 1627 2994 et
1676 2941 1947 2995 catholicae

133 3022 487 3079 communionis
535 3033 707 3077 centro
768 3025 1030 3092 adhaeret,
1080 3034 1130 3077 et
1176 3026 1448 3080 adhaerere
1494 3027 1640 3080 debet
1677 3029 1792 3098 jure
1847 3028 1947 3099 pri-

133 3119 323 3174 matus3
370 3125 463 3161 nec
508 3109 617 3162 fieri
652 3119 844 3180 potest,
890 3119 945 3161 ut
981 3109 1220 3182 quispiam
1258 3112 1318 3164 ab
1357 3130 1417 3165 eo
1454 3112 1707 3183 praecisus
1744 3130 1843 3164 non
1882 3113 1948 3164 sit

135 3193 283 3246 etiam
328 3193 582 3265 praecisus
629 3195 690 3246 ab
738 3194 847 3266 ipsa
894 3193 1149 3259 Ecclesia,
1205 3214 1330 3264 quae
1388 3196 1543 3249 eidem
1591 3196 1948 3249 communionis

136 3288 306 3332 centro
352 3296 422 3331 ex
468 3279 797 3332 institutione.
818 3277 1009 3333 Christi
1056 3280 1369 3334 immobiliter
1415 3281 1743 3335 adhaerescit.
1821 3279 1946 3334 Cum

135 3381 257 3417 vero
303 3362 387 3415 alii
420 3360 652 3436 Episcopi
702 3363 914 3434 aliquem
961 3365 1422 3432 excommunicant,
1475 3375 1578 3418 tum
1626 3367 1783 3419 solum
1819 3367 1948 3420 hunc

137 3447 422 3519 praecidunt
462 3440 537 3500 {ab
555 3445 829 3522 <Ecclesiae
874 3467 1107 3522 corpore,
1157 3470 1263 3504 cum
1308 3449 1405 3521 ipsi
1452 3449 1679 3505 Romano
1716 3449 1947 3507 Pontifici

198 3542 243 3577 Ρ.
274 3539 422 3574 Baller.
455 3538 503 3573 ‹le
534 3539 735 3576 potestate
766 3544 839 3580 etc.
1536 3536 1607 3589 14
1713 3531 1717 3534 ’
