2326 3854
694 184 1295 240 -..-.47--

102 375 224 427 quae
263 355 466 425 cuipiam
492 352 742 415 tribuitur,
779 350 864 402 sed
900 365 1026 416 quae
1051 346 1205 398 eidem
1232 343 1421 396 aliunde
1446 352 1723 412 competere
1749 361 1891 412 prae-

102 441 325 494 sumitur.
364 438 470 491 Hac
505 437 564 489 de
588 454 735 489 causa
772 431 1007 486 assentiri
1043 449 1143 483 non
1179 446 1378 500 possum
1412 427 1493 495 iis,
1531 428 1613 496 qui
1649 444 1708 478 ea
1744 429 1895 480 verba

103 528 171 579 ita
202 527 606 595 interpretantur,
645 538 701 572 ac
739 519 782 570 si
818 518 943 569 idem
981 513 1238 569 concilium
1274 512 1439 568 verbis
1474 511 1595 583 ipsis
1617 512 1896 565 facultatem

105 611 302 663 summis
345 605 665 660 Pontificibus
706 601 1040 665 concesserit,
1100 616 1195 668 qua
1244 598 1367 652 alias
1411 598 1706 651 caruissent.
1781 596 1898 649 Nisi

104 695 238 765 prius
274 693 503 764 probetur
525 682 748 758 Papam.
771 703 925 755 aeque
961 702 1018 736 ac
1040 682 1313 755 Episcopus
1346 683 1579 752 reliquos5
1615 681 1898 734 inferiorem

105 796 162 830 ac
207 776 443 828 subdiumi
491 790 602 825 esse
659 771 875 824 conciliis
922 768 1277 832 oecumeniciS‚
1328 784 1421 820 suo
1454 770 1568 838 jure
1612 766 1898 838 dispensare

104 862 302 932 poterit,
336 875 495 926 neque
531 856 622 909 hac
659 855 979 917 concessione
1016 863 1163 923 atque
1198 869 1444 904 consensu
1479 850 1732 922 indigebit.
1780 851 1900 927 Tri-

103 944 300 998 dentina
345 952 479 995 certe
521 940 766 1011 synoduS,
821 956 946 1010 quae
987 936 1311 1009 Apostolicae
1355 936 1460 989 sedi
1506 937 1765 1008 plurimum
1817 937 1901 994 de-

105 1029 241 1092 tulit,
287 1028 485 1097 ejusque
521 1043 814 1079 consensum
858 1033 909 1077 et
955 1019 1353 1093 approbationem
1404 1021 1672 1091 quaesivit,
1719 1022 1777 1075 de
1814 1022 1902 1075 hac

104 1112 331 1166 facultate
366 1111 673 1165 concedenda
707 1128 771 1162 ne
809 1107 1046 1178 cogitavit
1081 1106 1289 1175 quidem.

244 1196 298 1249 4.
359 1193 437 1248 Ea
470 1212 619 1265 porro
653 1193 969 1257 auctoritate,
1006 1210 1103 1261 qua
1138 1190 1395 1242 Romanus
1430 1188 1672 1243 Pontifex
1709 1192 1900 1262 dispen-

107 1298 240 1347 sare,
275 1280 357 1331 ubi
381 1279 610 1350 expedit,
645 1279 697 1348 in
734 1278 1038 1348 generalium
1071 1276 1224 1328 etiam
1261 1272 1598 1336 Conciliorum
1635 1276 1903 1329 canonibus

107 1365 166 1417 ad
203 1362 501 1434 disciplinam
549 1363 903 1434 pertinentibus
950 1370 1143 1432 potest,
1189 1369 1354 1430 potest
1389 1360 1565 1424 etiam,
1614 1361 1697 1413 ubi
1744 1380 1905 1431 aequa

108 1465 255 1501 causa
291 1447 435 1514 adsit,
472 1448 716 1517 abrogare
750 1447 832 1500 vel
866 1440 1057 1497 mutare
1093 1443 1398 1514 disciplinam
1435 1461 1692 1510 canonum,
1729 1457 1785 1498 ut
1820 1447 1906 1498 ali-

108 1541 225 1600 quot
262 1531 502 1602 exemplis
539 1531 688 1583 etiam
732 1529 941 1585 vetustis
978 1530 1188 1598 probare
1223 1529 1419 1594 liceret-3
1477 1531 1604 1598 quod
1640 1531 1699 1582 ad
1736 1549 1907 1601 supre-

109 1635 236 1668 mam
283 1618 386 1686 ejus
443 1624 741 1685 potestatem
796 1614 1140 1667 declarandam
1198 1615 1405 1666 confert.
1492 1612 1699 1667 Cautius
1754 1616 1803 1667 id
1859 1625 1908 1668 et

110 1702 255 1753 multa
296 1719 402 1753 cum
435 1700 771 1752 moderatione
807 1699 1064 1768 agendum,
1101 1707 1246 1766 atque
1281 1698 1353 1750 ita
1390 1708 1443 1749 ut
1479 1717 1548 1750 ex
1585 1700 1909 1769 abrogatione

111 1787 191 1838 vel
225 1784 497 1838 mutatione
533 1784 751 1837 vitentur.
799 1783 1058 1847 scandala,
1107 1782 1463 1853 publicumque>
1486 1784 1667 1835 bonum
1712 1803 1908 1855 promo-

111 1879 310 1924 veatur:
349 1867 543 1938 quaey¹)
583 1866 804 1920 conditio>
822 1869 939 1937 jure
973 1867 1081 1938 ipso
1116 1867 1333 1919 naturali
1366 1886 1426 1925 ac
1461 1867 1626 1921 divino
1662 1869 1908 1939 imposita,

112 1972 326 2007 summos
371 1952 643 2005 Pontifices
696 1969 799 2002 non
848 1952 1118 2004 canonibus
1167 1951 1513 2017 concilior-mn,
1569 1970 1655 2005 seu
1702 1953 1909 2006 humano

105 2039 237 2111 juri,
274 2039 359 2090 s‘ed
394 2036 609 2090 naturali
645 2054 702 2088 ac
738 2035 901 2088 divino
939 2036 1186 2107 subjectos
1223 2037 1448 2088 adstruit.
1522 2036 1631 2089 Hac
1668 2037 1726 2090 de
1763 2056 1912 2090 causa

112 2123 208 2176 etsi
242 2124 394 2176 multa
428 2122 621 2194 possint
655 2121 870 2174 Romani
905 2119 1175 2174 Pontifices
1218 2140 1308 2194 pro
1344 2139 1535 2175 summa
1569 2121 1787 2192 ipsorum
1823 2141 1910 2193 po-

112 2217 296 2269 testate
348 2209 400 2260 in
460 2207 745 2263 universam
794 2205 1096 2259 Ecclesiam·
1083 2227 1098 2271 ς
1163 2207 1207 2259 si
1266 2216 1434 2259 tamen
1499 2225 1599 2259 non
1662 2208 1910 2278 expediat,

117 2292 546 2345 animadvertenda
584 2301 731 2345 erunt
765 2292 847 2354 illa
882 2290 1113 2376 Apostoli
1151 2290 1670 2360 (1.C0r.6‚12.):
1725 2293 1912 2344 Omnia

118 2379 244 2437 milti
279 2380 464 2441 licent,
511 2380 608 2429 sed
639 2396 748 2428 non
784 2379 961 2428 omnia
997 2378 1318 2444 expediunt3
1366 2394 1435 2429 ex
1476 2375 1655 2445 quibus
1693 2374 1748 2428 S.
1786 2376 1913 2428 Ber-

116 2462 299 2514 nardus
334 2479 611 2513 sermonem
646 2459 834 2513 faciens
869 2460 928 2512 de
976 2460 1259 2528 quibusdam
1308 2461 1608 2531 privilegiis,
1653 2479 1806 2530 quae
1816 2479 1916 2513 non

117 2545 315 2597 omnino
353 2544 445 2598 nec
477 2545 748 2599 universim
792 2545 1031 2615 expedire
1070 2545 1349 2616 judicabat,
1399 2564 1499 2598 non
1535 2536 1778 2599 dubitavit
1811 2565 1915 2598 mo-

119 2630 256 2682 deste
303 2630 526 2683 scribere¹
566 2631 627 2682 ad
670 2630 917 2684 laudatum
951 2629 1231 2700 Eugenium
1266 2629 1457 2704 Papam
1495 2630 1556 2701 (l.
1595 2631 1648 2683 3.
1686 2631 1746 2684 de
1782 2628 1916 2684 Con-

122 2714 217 2766 sid.
241 2714 410 2782 c.4.):
454 2717 544 2767 Sic
573 2718 878 2783 factitando
910 2716 1153 2784 probatis
1190 2735 1280 2768 vos
1307 2717 1502 2768 habere
1533 2719 1917 2784 plenitudinem

115 2802 416 2866 potestatis,
460 2803 554 2851 sed
581 2803 824 2869 justitiae
864 2805 1010 2867 forte
1057 2819 1164 2852 non
1200 2804 1294 2853 ita..
1369 2803 1567 2853 Facitis
1611 2803 1712 2854 hoc
1730 2843 1765 2862 ,.
1794 2806 1918 2870 quia

249 2993 283 3047 ¹)
312 2999 356 3037 S.
387 2997 620 3037 Bernartius
661 2999 779 3048 epist.
813 2995 912 3037 131.
953 2998 1144 3049 quasdam
1173 3000 1387 3039 pontificis
1429 3001 1647 3041 facultates
1690 3002 1920 3041 extraordi-

125 3057 265 3095 nariae
295 3059 339 3095 et
378 3067 590 3107 supremae
629 3057 847 3106 potestatis
883 3069 1103 3097 recensens
1114 3086 1130 3104 ,,
1166 3059 1428 3104 necessitatis
1458 3061 1524 3099 vel
1554 3060 1749 3099 utilitatis
1780 3060 1919 3099 condi-

125 3114 258 3152 tiones
290 3114 445 3165 adjicit‚
476 3115 515 3153 si
543 3115 647 3155 utile
671 3112 942 3165 judicaverit,
969 3116 1009 3154 si.
1027 3111 1191 3155 necesse
1207 3117 1345 3156 visum
1357 3117 1506 3166 faerit,
1541 3118 1703 3168 quoties
1724 3118 1920 3167 expedire

125 3172 292 3214 videbit.
353 3173 410 3212 Et
441 3184 463 3210 e
495 3176 638 3211 contra
668 3173 858 3211 Gelasius
889 3173 931 3211 in
963 3172 1158 3212 decretali
1190 3174 1365 3224 epistola
1395 3175 1446 3212 ad
1478 3172 1707 3225 Episcopus
1736 3187 1810 3226 per
1838 3176 1920 3216 Lu-

129 3230 285 3268 caniani
314 3234 356 3278 et
385 3231 552 3270 Brutios
581 3243 631 3270 ac
660 3231 845 3270 Siciliam
876 3231 1124 3270 constitutos
1155 3243 1191 3271 c.
1218 3232 1265 3272 9.
1296 3232 1501 3283 scribens,
1538 3233 1610 3271 illa
1639 3233 1809 3272 decreta
1838 3246 1919 3274 non

130 3288 386 3336 immutanda,
417 3301 523 3341 quae
553 3300 630 3329 nec
659 3290 746 3329 ulla
778 3290 1026 3338 necessitas,
1059 3301 1134 3329 nec
1163 3287 1466 3331 Ecclesiastica
1497 3302 1675 3340 prorsus
1705 3295 1922 3344 extorquet

128 3347 306 3394 mititem,
336 3347 671 3398 dispensatio-nes,
704 3351 774 3386 aut
804 3349 1053 3387 mutationes
1085 3347 1247 3387 nonnisi
1279 3361 1330 3387 ex
1360 3349 1542 3388 utilitate
1573 3350 1637 3389 vel
1670 3352 1919 3390 necessitate

131 3403 426 3443 Ecclesiastica
455 3411 545 3445 esse
574 3406 784 3446 faciendas
814 3406 1033 3456 significat.
