2326 3854
97 370 224 425 enim
261 387 319 422 ea
356 366 613 420 pontificis
650 367 866 419 definitio
900 385 987 436 per
1024 383 1134 418 sese
1172 365 1231 416 ad
1267 362 1505 423 unitatem
1543 371 1689 429 cogat
1725 378 1896 413 omnes

95 455 259 507 fideles
323 461 374 504 et
431 452 709 506 universam
763 450 1064 514 Ecclesiam,
1105 451 1164 510 ,si
1217 446 1508 519 praesertim
1538 444 1580 514 ¹)
1636 444 1896 496 infallibili-

96 539 214 591 tatis
260 537 515 608 privilegio
562 538 803 606 gaudeat,
853 535 925 586 uti
976 553 1083 587 eam
1132 535 1347 604 gaudere
1380 529 1594 602 probavi
1637 530 1687 581 in
1727 530 1897 582 eodem

98 624 219 675 libro
270 640 376 692 cap.
428 623 510 682 15.
546 629 703 689 coget
749 619 896 673 etiam
946 621 1010 672 ad
1053 637 1311 672 assensum
1359 627 1410 670 et
1448 614 1689 668 unitatem
1725 633 1897 667 omnes

99 706 345 778 generalis
403 702 614 757 Concilii
667 702 868 756 Patres,
942 703 1239 757 Adversarii
1293 700 1547 761 catholici,
1612 700 1896 769 quibuscum

99 791 317 861 agimus,
354 788 399 840 si
435 789 706 840 concedant
734 788 1035 859 praestituta
1060 787 1328 859 principia,
1365 797 1420 838 ut
1445 803 1510 839 ex
1539 785 1891 856 ipsorumsen-

98 875 265 927 tentiis
304 891 373 926 v-ea
421 872 733 943 comprobavi
778 874 946 926 eodem
991 873 1043 924 in
1081 890 1230 943 opere
1265 870 1572 943 potissimum
1600 889 1653 923 rc.
1696 871 1776 922 14.
1815 887 1898 923 co-

98 961 357 1011 haerenter
402 958 661 1025 loquentes
709 977 809 1010 non
844 968 1075 1029 poterunt
1111 975 1421 1052 repugnare,
1472 966 1523 1008 et
1560 954 1898 1050 quaestionem

95 1060 294 1113 movele
329 1043 381 1095 in
419 1042 511 1095 hac
545 1042 718 1107 thesi,
738 1061 863 1111 quae
893 1043 1082 1096 exinde
1118 1042 1249 1107 fluit,
1293 1042 1390 1093 nisi
1428 1041 1680 1093 concessis
1716 1038 1898 1127 princi-

95 1128 187 1198 piis
224 1127 642 1192 contradicenteS,
688 1145 852 1180 secum
888 1128 981 1198 ipsi
1015 1136 1251 1199 pugnent.

84 1224 86 1226 ’
236 1213 288 1264 2.
343 1211 522 1281 Neque
569 1230 690 1266 vero
739 1213 815 1264 his
865 1214 1173 1282 refragatur,
1243 1211 1327 1263 sed
1388 1210 1552 1281 potius
1597 1209 1900 1277 suffragatur

98 1314 239 1366 quam
274 1296 494 1348 maxime
526 1296 715 1366 primae
740 1296 1238 1369 ⁴Hierosolymitanae
1274 1295 1454 1366 synodi
1490 1293 1788 1363 exemplum.
1846 1291 1902 1343 111

97 1400 157 1435 ea
183 1380 238 1435 S.
276 1380 459 1434 Petrus
483 1380 669 1451 primus
694 1382 910 1434 omnium
936 1382 1233 1435 sententiam
1255 1381 1396 1446 tulit3
1433 1379 1516 1432 alii
1542 1388 1704 1432 autem
1731 1395 1901 1430 omnes

98 1468 299 1520 eandem
350 1467 591 1536 amplexi,
646 1485 791 1518 unam
848 1485 956 1520 cum
1005 1487 1065 1520 eo
1108 1466 1438 1520 definitionem
1488 1465 1696 1517 edidere.
1768 1462 1899 1514 Idem

97 1550 350 1604 dicendum
397 1552 455 1603 de
496 1551 744 1617 Romanis
789 1550 1139 1617 Pontificibus,
1194 1551 1277 1620 qui
1314 1552 1513 1614 eadem,
1563 1567 1659 1619 qua
1695 1547 1900 1612 PetruS,

99 1636 354 1688 definiendi
400 1646 647 1706 potestate
690 1626 838 1705 atque
885 1637 1180 1690 auctoritate
1235 1638 1478 1687 fruuntur.
1561 1632 1619 1687 Si
1673 1633 1899 1685 nimirum

99 1722 148 1773 in
187 1721 294 1774 fidei
331 1721 700 1790 quaestionibus
737 1740 904 1775 eorum
942 1721 1208 1791 praecedat
1244 1720 1484 1784 definiti03
1540 1737 1645 1770 cum
1692 1736 1751 1770 ea
1798 1736 1902 1769 om-

99 1825 189 1859 nes
239 1805 446 1859 Concilii
494 1804 677 1858 Patres
720 1807 792 1858 ita
828 1807 1007 1859 debent
1042 1805 1331 1869 concinere,
1378 1804 1452 1856 nti
1487 1802 1902 1873 Hierosolymita-

100 1908 195 1943 nae
220 1891 406 1961 ⁴synodi
443 1889 627 1942 Patres
672 1889 960 1967 cum'Petri
1004 1890 1252 1943 sententia
1287 1898 1641 1942 convenerunt.
1716 1887 1902 1940 Omnes

99 1975 289 2043 quidem
350 1973 658 2026 definitiones
705 1968 999 2028 Pontificiae
1053 1975 1105 2027 in
1160 1974 1369 2026 materia
1400 1975 1533 2032 ,fidei
1583 1972 1903 2030 inveniuntur

100 2077 290 2130 semper
325 2068 622 2129 receptaea
652 2053 892 2112 Conciliis
926 2077 1046 2114 vere
1083 2060 1438 2125 oecumenicis,
1476 2059 1640 2111 nullae
1666 2060 1900 2128 rejectae.

101 2141 289 2209 Quodsi
326 2143 612 2212 quandoque
638 2145 709 2197 ad
745 2144 923 2210 novum
962 2162 1186 2198 examen
1214 2162 1297 2197 res
1329 2146 1534 2198 deducta
1564 2144 1654 2197 fuit
1676 2143 1733 2194 >in
1767 2141 1902 2195 Con-

101 2228 252 2292 ciliis,
301 2229 350 2279 id
387 2230 576 2281 ‘factum
614 2247 715 2281 non
753 2248 859 2282 cum
897 2228 1128 2282 libertate
1164 2230 1511 2294 dissentiendi,
1559 2230 1645 2281 sed
1682 2239 1736 2280 ut
1772 2246 1903 2282 nova

102 2313 403 2366 discussione
451 2313 802 2367 dissentientes
849 2325 935 2370 aut
971 2314 1262 2366 ⁴dubitantes
1310 2317 1370 2367 ad
1415 2315 1655 2366 unitatem
1692 2314 1902 2367 debitam

102 2407 472 2451 revocarentur.
538 2397 676 2462 ,Vide
724 2399 1097 2468 praecedentem
1144 2399 1320 2451 librum
1357 2403 1423 2451 de
1451 2403 1691 2467 primatu
1729 2416 1772 2450 c.
1811 2398 1901 2449 13.

103 2483 148 2549 §-
198 2483 281 2534 13.
330 2492 381 2534 et
427 2484 652 2535 conferre
686 2483 874 2553 pariter
901 2483 1091 2553 juverit
1127 2483 1173 2550 ξ.
1216 2484 1299 2536 ll.
1340 2502 1474 2534 num.
1514 2484 1604 2536 59.»
1674 2481 1903 2535 Excitati
1934 2499 1937 2502 ·

103 2584 224 2619 sane
260 2585 607 2636 nonnunquam
644 2586 745 2619 non
781 2567 956 2639 exigui
989 2568 1228 2619 tumultus
1263 2586 1353 2638 per
1389 2586 1502 2633 eoS,
1539 2568 1622 2637 qui
1649 2568 1812 2620 errori
1841 2570 1903 2620 ab

103 2652 390 2722 Apostolica
426 2653 542 2705 sede
577 2653 928 2722 praedamnato
966 2653 1227 2718 favebant,
1274 2654 1365 2705 sed
1397 2671 1591 2724 semper
1629 2663 1789 2705 ratum
1827 2664 1904 2706 est

104 2736 344 2799 habitum,
369 2733 508 2805 ‘quod
529 2756 573 2788 -a
609 2755 796 2789 summo
822 2735 1065 2789 Pontifice
1101 2738 1267 2789 fuerat
1300 2738 1579 2803 definitum3
1619 2748 1670 2790 et
1703 2739 1782 2807 qui
1820 2740 1903 2791 de-

105 2818 315 2870 finitioni
336 2821 607 2878 ¹noluerunt
641 2822 970 2890 acquiescere,
1005 2822 1138 2874 inter
1170 2822 1447 2881 haereticos
1472 2824 1723 2876 recensiti.
1761 2825 1904 2876 Adde

106 2904 231 2971 quod
267 2903 408 2973 pauci
444 2921 637 2974 semper
659 2907 890 2970 fuerunt,
929 2906 1013 2974 qui
1046 2918 1385 2977 repugnarunt
1420 2908 1691 2960 definitioni
1724 2907 1904 2961 Ponti-

107 2987 274 3052 ficiae,
337 3007 458 3058 prae
513 2987 608 3040 inis
667 2990 749 3057 qui
799 2990 1150 3060 acquieverunt
1186 3001 1249 3049 vet
1293 2992 1649 3062 praestiterunt
1693 2994 1903 3046 debitam

107 3063 431 3125 obedientiam
469 3083 615 3142 atque
651 3075 887 3127 unitatem
903 3097 928 3140 ςλ
949 3094 1112 3144 ῃεῳιθ
1149 3095 1230 3147 exv
1253 3077 1350 3129 illis
1386 3078 1554 3147 paucis
1593 3097 1622 3130 a
1659 3079 1821 3148 capite
1856 3088 1905 3131 et

175 3239 221 3292 ¹)
237 3245 470 3289 Bossuetus
502 3245 661 3296 quidem
692 3247 738 3286 in
768 3247 1066 3287 ἀὶεεριίαῐὶοηε
1095 3249 1271 3297 praevia
1296 3247 1548 3298 uDefcnsiom'
1580 3248 1903 3298 Declaration'is,

110 3314 220 3355 quae
252 3304 472 3354 praemissa
513 3307 575 3343 est
616 3316 748 3343 novae
790 3305 960 3344 editioni
1003 3306 1097 3344 anni
1139 3305 1270 3345 1745.
1308 3319 1342 3345 c.
1384 3307 1427 3345 2.
1447 3320 1556 3361 pag.
1588 3309 1631 3347 2.
1664 3310 1903 3349 sententiam

110 3358 230 3408 iilius,
265 3361 332 3409 qui
363 3362 425 3399 sit
446 3360 696 3409 infallibilis,
729 3366 862 3413 neque
894 3365 1075 3414 generali
1107 3365 1291 3404 Concilio
1323 3365 1491 3405 subesse
1522 3367 1689 3405 fatetur.
1733 3364 1881 3413 Insani

111 3418 251 3467 bilem,
285 3432 366 3470 qua
398 3420 589 3473 quidem
593 3422 640 3461 in
670 3433 716 3463 re
747 3423 844 3463 talis
876 3426 958 3472 est,
989 3424 1185 3474 cuiquam
1216 3424 1382 3464 subesse
1410 3425 1543 3474 nefas.
