2326 3854
721 234 1362 291 ——203—

60 424 63 425 ⁷
144 400 372 452 laborat?
433 398 552 452 Sola
588 416 676 469 pro
712 396 972 468 Episcopis
1010 414 1068 448 ac
1101 392 1438 464 Metropolitis
1474 409 1594 445 cura
1629 411 1738 446 eum
1776 396 1940 460 afficit,

145 485 286 553 quasi
321 485 526 537 istorum
564 493 782 554 potestas
818 478 1408 552 infimorum-gratiam,
1450 487 1500 530 et
1545 495 1641 528 uon
1692 479 1854 548 potius
1892 481 1942 531 in

145 569 397 623 Ecclesiae
447 571 627 622 bonum
679 567 959 631 institutay
989 565 1188 618 omnino
1243 563 1546 617 restituenda
1599 562 1695 628 sit3
1752 563 1944 616 etiamsi

145 656 324 707 bonum
359 653 615 708 Ecclesiae
649 653 882 724 postulet,
920 669 982 703 ne
1020 652 1193 702 summi
1227 648 1498 702 Pontifices
1533 648 1586 700 in
1622 648 1824 701 eandem
1864 668 1943 701 re-

145 738 448 792 stitutionem
484 743 624 791 tauto
672 754 778 790 cum
815 736 1140 789 scissurarum
1180 744 1325 803 atque
1354 733 1778 804 perturbationum
1815 734 1944 805 peri-

145 824 251 876 culo
290 823 623 876 connituntur.
1254 845 1256 847 >

286 908 339 960 6.
389 906 462 961 'ld
500 917 664 960 autem
699 906 849 958 multo
884 903 1044 975 magis
1080 903 1331 956 dicendum
1346 940 1360 968 ‚
1408 903 1452 955 si
1487 904 1549 956 ob
1595 904 1945 957 restituendam

145 1003 364 1047 veterem
410 993 710 1064 disciplinam
760 1009 819 1044 ea
866 989 1025 1043 media
1083 988 1352 1042 adhibenda
1392 999 1565 1042 essent
1619 1008 1648 1041 a
1694 987 1946 1042 Febronio

144 1078 448 1148 proposita,
489 1079 637 1131 etiam
693 1077 804 1147 dum
862 1077 915 1126 in
973 1073 1299 1128 certissimae
1340 1074 1601 1144 potestatis
1657 1073 1949 1127 Pontificiae

146 1163 382 1215 offensam
419 1170 469 1215 et
509 1158 833 1232 contemptum
863 1159 1097 1223 redirent,
1135 1159 1461 1227 cederentque
1496 1176 1597 1210 non
1632 1159 1687 1210 in
1722 1159 1948 1212 aedifica-

145 1247 356 1312 tionem,
394 1248 480 1300 sed
523 1248 576 1299 in
624 1244 1014 1298 destructionem<
1041 1241 1328 1306 Ecclesiae,
1384 1243 1464 1295 cui
1500 1261 1610 1295 eam
1650 1252 1944 1313 potestatem

146 1342 335 1384 sartam
369 1338 552 1385 tectam
588 1316 778 1384 servari
814 1327 1151 1381 necessarium
1188 1335 1282 1378 est.
1357 1325 1450 1380 His
1487 1327 1546 1380 de
1583 1327 1767 1380 mediis
1793 1329 1950 1398 capite

147 1416 386 1486 sequenti.
420 1488 425 1490 ξ

744 1677 1137 1754 CAPUT
1186 1680 1351 1753 vn.

151 1852 352 1905 Media,
407 1866 537 1911 quae
578 1857 629 1898 in
669 1854 1037 1897 restitutionem
1078 1851 1376 1911 disciplinae
1413 1853 1592 1895 veteris
1631 1864 1666 1894 a
1707 1849 1951 1895 Febr-onio

204 1919 582 1972 proponuntur,
629 1918 871 1970 quantam
893 1909 1202 2028 βῖἶῖῑῇοᾶῗῗ
1242 1913 1539 1954 auctoritati
1575 1909 1895 1969 offensionem

293 2099 341 2150 1.
411 2096 541 2152 Cum
577 2099 685 2169 quis
722 2099 904 2171 injuste
940 2108 1197 2169 gravatur,
1234 2098 1328 2150 niti
1350 2107 1515 2168 potest
1550 2107 1606 2149 ut
1631 2115 1686 2149 se
1722 2096 1956 2149 subducat

149 2203 180 2236 a
215 2184 523 2254 gravamine3
559 2185 619 2237 si-
638 2186 762 2238 duae
798 2184 1103 2237 conditiones
1141 2192 1454 2236 concurrant.
1530 2181 1720 2245 Prima,
1760 2182 1803 2234 si
1839 2201 1955 2252 gra-

149 2282 326 2323 vamen
359 2270 594 2340 injustum
632 2269 727 2334 sit3
764 2270 997 2333 secunda,
1036 2270 1080 2321 si
1116 2269 1288 2321 mediis
1322 2268 1467 2322 licitis
1504 2278 1690 2320 utatur.
1764 2266 1955 2320 Febro-

151 2354 260 2406 nius
314 2354 367 2406 in
413 2372 471 2406 re
507 2354 757 2425 praesenti
802 2373 1074 2426 perperam*
1104 2354 1374 2425 praesumit
1417 2353 1599 2423 injusta
1647 2354 1955 2422 gravamina,

152 2458 472 2509 quaecunque>
513 2438 731 2492 Romani
766 2438 1035 2493 Pontifices
1082 2441 1156 2497 iub)
1182 2457 1273 2491 usu
1319 2449 1369 2491 et
1405 2438 1650 2491 exercitio
1686 2436 1956 2508 Episcopa-

152 2522 283 2577 lium
318 2525 599 2578 facultatum
654 2525 1031 2578 restrinxerunt
1084 2526 1164 2579 vel
1219 2533 1542 2578 reservarunt
1597 2533 1772 2576 contra
1828 2523 1956 2575 anti-

152 2628 354 2680 quorum
392 2627 630 2663 canonum
667 2627 919 2678 normam,
968 2611 1021 2662 in
1070 2611 1242 2680 quibus
1279 2629 1449 2664 verum
1489 2619 1539 2661 et
1574 2609 1840 2679 genuinum
1871 2612 1956 2680 jus

152 2695 316 2748 situm
328 2696 583 2766 judicum,
629 2694 867 2766 injustum
905 2705 1103 2760 censet,
1150 2695 1375 2765 quidquid
1411 2705 1585 2748 contra
1622 2695 1756 2766 ipsos
1795 2704 1953 2747 actum

153 2790 248 2844 est,
285 2789 336 2833 et
365 2780 440 2832 ‘ita
474 2780 727 2849 injustum,
762 2790 820 2832 ut
857 2782 987 2833 nullo
1023 2781 1375 2853 possessioni&
1413 2779 1654 2833 cessionis
1693 2790 1778 2832 aut
1813 2799 1953 2850 prae-

155 2865 437 2936 scriptionis
473 2864 671 2917 nomine
717 2865 875 2935 possit
908 2867 1165 2919 vindicari.
1240 2865 1367 2920 Cum
1403 2883 1525 2919 vero
1564 2882 1623 2917 ea
1660 2882 1957 2916 summorum

155 2950 449 3003 Pontificum
506 2959 724 3020 potestas
779 2949 832 3001 in
884 2949 1149 3002 limitandis
1205 2957 1293 3003 aut
1346 2949 1663 3004 reservandis
1706 2952 1845 3019 justa
1900 2951 1958 3002 de

155 3053 303 3090 causa
338 3033 695 3106 Episcoporum
729 3035 1038 3087 facultatibus
1075 3035 1127 3086 in
1164 3034 1448 3105 praemissis
1474 3034 1712 3105 capitibus
1739 3035 1959 3104 legitima

155 3121 302 3174 fuerit
347 3121 579 3192 probata,
628 3129 678 3171 et
724 3138 824 3171 non
873 3121 1027 3173 solum
1079 3140 1108 3172 a
1144 3119 1370 3174 Gersone
1429 3121 1631 3189 aliisque
1687 3119 1958 3173 Gallicanis

157 3205 455 3261 adversariis
493 3222 755 3270 concessa,
800 3206 886 3258 sed
931 3205 1237 3275 aliquatenus
1276 3207 1424 3259 etiam
1463 3206 1523 3258 ab
1563 3206 1730 3258 eodem
1766 3204 1958 3258 Febro-

158 3290 258 3356 nio,
294 3294 378 3361 qui
413 3291 545 3344 solos
583 3292 763 3344 abusus
800 3291 1081 3363 potestatiS‚
1118 3309 1217 3343 non
1256 3301 1417 3344 autem
1453 3291 1609 3362 ipsam
1646 3290 1955 3344 Pontificiam

157 3383 451 3448 potestatem
487 3393 600 3430 sese
635 3376 872 3447 impetere
908 3378 1190 3447 professuS,
1236 3374 1493 3428 Romanos
1531 3375 1815 3429 praesules]
1835 3375 1956 3448 Epi·
2028 3379 2030 3381 ’

161 3461 383 3532 scopales
421 3461 677 3515 facultates
703 3462 861 3532 quoad
898 3479 1037 3514 usum
1075 3472 1125 3515 et
1148 3462 1442 3516 exercitium
1479 3480 1626 3532 posse
1662 3471 1714 3515 et
1740 3464 1958 3533 potuisse
