2326 3854
693 183 1339 238 *231—

119 352 225 403 dem
263 347 576 401 facultatibus
613 365 704 399 usa
741 365 841 398 non
880 356 974 399 est.
1048 344 1358 416 Supremam⁴
1378 346 1669 415 plenamque
1705 355 1925 415 potesta-

119 446 236 499 tem,
274 453 373 503 qua
407 432 583 486 summi
607 431 878 484 Pontifices
907 434 1021 501 jure
1058 432 1296 502 primatus
1333 432 1562 501 poterant
1599 431 1845 482 moderari
1869 450 1926 484 ac

118 521 424 590 restringere
447 517 800 589 Episcoporum
836 518 1115 581 facultateS,
1154 517 1379 587 'superius
1415 515 1636 586 probavi,
1675 516 1770 567 etsi
1794 516 1926 585 prio-

118 608 253 659 ribus
291 604 500 658 saeculis
533 604 692 674 ipsam
732 621 836 655 vnon
868 603 1214 656 exercuerint.
1289 603 1478 655 Eadem
1526 601 1720 654 ratione
1756 612 1927 672 potue-

118 701 232 743 runt
268 692 456 761 pariter
490 688 736 745 moderari
785 698 933 756 atque
984 688 1134 740 certis
1184 687 1543 751 conditionibus
1587 690 1818 742 coercere
1854 689 1928 739 fa-

117 778 341 828 cultates·
372 774 531 843 quoad
575 771 851 843 Episcopos
901 774 1134 826 collectos
1183 773 1236 824 in
1282 771 1658 843 particularibus
1705 773 1928 844 synodis,

117 861 288 930 quibus
335 877 436 912 non
461 858 644 911 minus
700 876 846 927 quam
893 856 1154 929 Episcopis
1202 857 1324 928 ipsis
1372 863 1619 928 potestate
1668 869 1930 928 praestare

117 945 441 998 certissimum
479 953 558 996 est
594 962 662 1010 ex
699 943 985 997 constitutis
1009 943 1075 1003 rin
1099 944 1350 1015 prooemio
1375 945 1462 996 De
1482 951 1674 1012 potest.
1702 945 1929 1008 liedes„

117 1031 228 1083 licet
266 1031 380 1082 olim
417 1029 536 1082 nihil
573 1030 670 1082 tale
709 1030 767 1082 ab
817 1029 938 1100 ipsis
987 1038 1182 1098 gestum
1221 1029 1488 1099 legeretur.
1563 1027 1832 1081 Multitudo
1872 1047 1932 1082 ac

116 1116 350 1168 distantia
384 1115 747 1186 provinciarum
792 1124 940 1183 atque
986 1113 1276 1183 regionum,
1324 1124 1596 1184 temporum
1631 1114 1930 1168 vicissitudi-

118 1220 235 1266 neS‚
273 1201 554 1271 diligentior
590 1200 875 1270 disciplinae
911 1199 1146 1253 custodia.
1167 1198 1393 1267 aliaeque
1423 1197 1841 1252 circumstantiae
1877 1201 1939 1252 in*

119 1305 265 1339 causa
301 1288 493 1352 fuere,÷
514 1304 584 1338 ne
616 1295 921 1354 potestatem·
961 1283 1199 1354 ejusmodi
1245 1283 1364 1335 olim
1408 1291 1626 1337 exerere
1682 1285 1803 1337 utile
1850 1288 1930 1339 vel

119 1371 449 1428 necessarium
486 1370 787 1423 crederetur.
856 1369 1118 1422 {dautem
1155 1387 1256 1421 non
1280 1368 1500 1439 impedit,
1537 1370 1930 1438 quominusaliis

43 1465 45 1467 ’
117 1466 264 1524 atque
301 1455 410 1508 aliis
448 1455 783 1508 oborientibus
825 1455 987 1507 causis
1015 1472 1073 1506 ac
1111 1453 1514 1519 circumstantiiS,
1552 1455 1634 1506 ubi
1671 1456 1934 1526 expediret

117 1541 304 1611 publico
342 1543 499 1604 bono,
544 1540 794 1610 potuerint
830 1537 1101 1592 Pontifices
1140 1539 1275 1591 circa
1310 1538 1421 1609 ipsa
1456 1540 1775 1610 particularia
1813 1560 1931 1594 con-

119 1626 231 1679 cilia
267 1627 515 1695 quaedam.
542 1635 791 1692 statuere,⁴
827 1635 877 1678 ct
912 1626 1225 1687 facultatem,
1265 1642 1413 1692 quam.
1449 1624 1780 1677 anterioribus
1802 1644 1931 1679 r'sae-

118 1712 239 1765 culis
275 1729 374 1763 non
412 1720 775 1775 exercuerant,
814 1728 1029 1764 exerere
1067 1719 1118 1763 et
1153 1726 1416 1763 exercere.
1483 1754 1486 1759 .

205 1839 209 1841 μ
261 1793 501 1863 Queritur
548 1794 831 1849 Febronius
878 1797 937 1848 de
980 1795 1065 1849 illa
1119 1792 1309 1863 'aliquot
1363 1795 1659 1866 apocryphis
1706 1795 1931 1850 Pseudo·

118 1882 294 1935 Isidori
331 1881 545 1935 decretis
565 1881 772 1935 {inserta
810 1880 1086 1945 sententia,
1135 1898 1232 1949 qua
1275 1880 1490 1933 traditur
1538 1880 1744 1935 concilia
1782 1882 1933 1936 etiam

118 1967 438 2038 provincialia
474 1967 716 2020 celebrari
749 1985 851 2020 non
882 1984 1030 2038 posse
1053 1966 1239 2034 absque
1278 1975 1505 2017 assensu
1524 1967 1604 2019 vel
1634 1968 1932 2021 auctoritate

119 2053 295 2105 summi
329 2051 606 2104 Pontificis.
680 2050 792 2104 Duo
832 2051 908 2105 hic
954 2051 1010 2103 in
1051 2049 1486 2121 reprehensionem
1525 2052 1696 2104 adduci
1732 2063 1932 2121 queunt,

119 2138 367 2191 restrictio
404 2137 666 2208 potestatis
703 2137 1019 2190 conciliorum
1057 2134 1427 2208 provincialium
1466 2146 1519 2189 et
1554 2137 1750 2191 novitas
1791 2148 1932 2191 ante-

121 2223 335 2275 rioribus
390 2221 600 2275 saeculis
653 2221 842 2291 ignota.
945 2219 1005 2275 si
1067 2222 1188 2274 haec
1252 2220 1501 2274 restrictio
1568 2223 1657 2275 sub
1709 2222 1937 2292 Pseudo*

120 2308 293 2360 Isidori
329 2326 503 2361 aevum
538 2307 714 2360 fuisset
749 2307 972 2370 inducta,
1022 2306 1248 2374 nulloque
1286 2304 1490 2374 antiquo
1530 2309 1758 2381 exemplo
1796 2308 1938 2379 fulci-5

121 2404 286 2458 retur3
325 2411 489 2445 nonne
525 2392 823 2460 aequitatem
860 2391 1013 2462 ipsius
1051 2391 1175 2444 satis
1199 2390 1475 2445 vindicaret
1511 2390 1659 2456 ratio,
1698 2393 1759 2444 ob
1787 2410 1934 2458 quam

122 2481 182 2530 ab
218 2479 325 2548 ipso
350 2476 760 2530 Pseudo-Isidoro
797 2476 1147 2547 restringenda
1170 2477 1280 2532 visa
1303 2486 1380 2529 est
1399 2476 1651 2546 generalis
1687 2487 1737 2530 et
1772 2477 1935 2531 illimi-

57 2631 68 2638 ·
121 2574 228 2616 tata
252 2564 333 2615 illa
353 2563 616 2618 eorundem
636 2562 951 2616 conciliorum
976 2562 1269 2628 auctoritas,
1292 2582 1355 2617 ne
1372 2572 1475 2616 tam
1490 2562 1635 2616 facile
1659 2560 1935 2633 Episcopos

122 2648 472 2719 opprimerent‚
495 2649 624 2716 quod
640 2647 889 2718 explicavi
911 2660 1018 2718 cap.
1035 2649 1084 2700 5.
1123 2647 1170 2714 §.
1190 2648 1283 2701 L?
1302 2647 1381 2701 De
1403 2647 1653 2718 aequitate
1678 2648 1819 2701 satis.
1858 2648 1937 2702 De

125 2733 344 2785 novitate
380 2732 720 2800 autemplm‘a
749 2742 806 2785 -et
828 2732 1083 2803 apertiora
1103 2733 1328 2802 proferre
1361 2734 1496 2787 licet.
1571 2732 1937 2787 Testimonium

125 2817 255 2870 enim
290 2816 432 2869 valde
468 2814 717 2883 antiquum
754 2817 806 2869 in
843 2817 1046 2870 eandem
1093 2818 1390 2882 sententiam
1430 2818 1630 2871 invenio
1677 2819 1801 2888 apud
1832 2817 1936 2871 vSo-

126 2907 313 2954 cratem
361 2900 448 2952 lib.
497 2901 550 2953 2.
595 2918 700 2970 cap.
737 2901 789 2953 8.
838 2918 909 2954 ex
941 2901 1189 2957 *versione
1239 2899 1506 2972 Epiphanii
1542 2899 1838 2956 Scholastici
1883 2903 1938 2956 in

127 2985 409 3057 Tripartita
444 2984 527 3037 lib.
555 2985 608 3037 4.
631 3003 690 3038 c.
717 2985 764 3038 9.
807 2987 1016 3055 Rcyula
1042 2987 1420 3040 Ecclesiastica
1439 2989 1614 3058 jubet,
1649 3006 1755 3038 non
1781 3007 1937 3056 opor·
1986 3024 1990 3026 —

127 3074 235 3124 tere
279 3078 497 3139 praeter
542 3073 850 3124 sententiam
890 3072 1121 3125 Romam·
1159 3072 1436 3140 Pontificis
1482 3074 1762 3126 concilium
1807 3076 1937 3125 cele-

127 3159 288 3207 brari.
318 3154 521 3209 ..Licet
568 3172 778 3225 graecus
815 3153 1038 3210 Socratis
1085 3167 1260 3210 textus
1305 3173 1476 3211 vocem
1523 3160 1802 3210 concilium
1838 3176 1938 3210 non

128 3240 403 3311 praeferat3
438 3239 733 3293 sententiam
771 3250 938 3295 tamen
984 3242 1186 3295 eandem
1245 3241 1490 3305 continet,
1550 3261 1674 3311 quae
1722 3243 1784 3294 ad
1820 3261 1936 3295 con-

131 3324 243 3378 cilia
276 3324 517 3394 pertinet:
599 3325 724 3378 Cum
774 3329 1132 3381 ecelesiastica
1181 3329 1368 3395 reyula
1423 3334 1583 3388 vetet,
1627 3348 1693 3380 ne
1744 3319 1937 3398 absque

132 3429 387 3463 consensu
438 3410 665 3463 Romani
719 3412 998 3481 Pontifieis
1043 3415 1321 3481 quicquam
1370 3416 1423 3464 in
1463 3413 1705 3465 Ecclesia
1762 3416 1937 3469 decer-
