2326 3854
1034 135 1646 191 *go-..-

401 311 501 377 jus
554 307 764 375 liyamli
819 312 978 374 atque
1027 305 1299 365 solvendi3
1347 306 1540 355 seimus
1590 310 1644 355 et
1683 311 2079 371 protestamur,
2127 308 2276 375 quod

417 412 538 454 vos,
578 396 671 462 qui
706 396 762 444 in
802 394 977 444 locum
1014 408 1165 442 suum
1202 409 1320 442 cum
1351 391 1694 459 plenitudine
1743 394 2029 464 potestatis
2067 411 2274 446 sucees-

418 483 578 541 sistis,
617 483 672 531 in
713 479 1020 551 hujusmodi
1056 478 1300 529 articulis
1339 478 1405 528 ab
1446 478 1658 529 homine
1699 490 1816 530 ‘non
1868 481 1992 530 estis
2014 481 2271 550 Judican-

418 569 534 629 dus,
573 569 671 618 sed
693 567 960 637 judicium
998 571 1231 617 vestrum
1268 565 1375 616 soli
1411 565 1535 616 Deo
1574 572 1909 625 reservatur,
1947 569 2100 636 eujus
2121 566 2273 637 judi-

416 657 555 707 cium
595 661 647 706 et
670 670 915 712 examen,
942 653 1090 720 quod
1113 653 1214 703 sibi
1249 653 1356 703 soli
1380 652 1618 712 debetur,
1653 652 1805 703 nobis
1831 670 1940 702 mm
1967 654 2272 721 quaerimus

415 758 701 808 usurpare.
780 734 882 804 Qui
911 736 1149 809 judicium
1189 737 1248 790 de
1276 738 1492 790 *summis
1519 735 1848 790 Pontificibus
1886 740 1992 791 soli
2027 739 2150 790 Deo
2192 756 2311 792 rea

418 835 673 880 servatum
725 826 881 895 juxta
943 825 1263 895 antiquorum
1316 824 1640 877 traditionem
1709 823 2002 892 affirmavit,
2072 826 2272 878 eosdem

418 922 685 985 exemptos
724 911 900 983 procul
937 911 1084 964 dubio
1125 911 1321 964 censuit
1361 929 1390 964 a
1416 928 1822 981 quorumcunque
1859 911 2013 974 etiam
2051 931 2272 983 genera-

417 1002 536 1053 lium
576 999 902 1053 conciliorum
931 997 1136 1070 judicio.
1214 997 1406 1051 Mirum
1446 1008 1612 1051 autem
1651 997 1874 1052 maxime
1911 999 2189 1065 accideret,
2222 997 2275 1051 ‘si

417 1087 613 1158 quidam
651 1085 932 1140 adversarii
971 1103 1080 1138 eam
1107 1083 1164 1137 S.
1195 1082 1440 1156 Cypriani
1477 1085 1799 1151 sententiam,
1839 1104 1936 1155 qua
1972 1085 2026 1138 in
2065 1070 2275 1139 concilio

418 1172 815 1245 Carthaginensi
850 1171 937 1224 III.
972 1172 1337 1244 'pronuntiavit
1369 1171 1559 1244 judicia
1616 1173 1675 1226 de
1724 1171 1990 1246 Episcopis
2030 1172 2126 1225 soli
2162 1170 2274 1225 Deo

418 1271 711 1326 reservata,
759 1260 1056 1331 ingererent
1104 1269 1253 1329 atque
1305 1260 1596 1326 laudarent,
1647 1271 1702 1313 ut
1748 1261 1887 1332 ipsos
1925 1258 2207 1331 Episcopos
2247 1277 2276 1311 a

419 1347 644 1402 Romani
700 1346 966 1400 Pontificis
1028 1346 1216 1418 judicio
1284 1346 1645 1412 subducerent,
1712 1347 1765 1400 in
1829 1344 2272 1419 reprehensionem

420 1445 589 1489 autem
625 1443 870 1489 vocarent
920 1452 1022 1486 non
1072 1433 1360 1486 dissimilem
1397 1419 1567 1487 lx'ronis
1617 1434 1926 1504 aliorumque
1977 1433 2274 1498 doctrinam,

419 1542 516 1594 qua
573 1521 833 1575 Romanus
889 1519 1138 1574 Pontifex
1194 1521 1508 1574 subtrahitur
1576 1540 1605 1574 a
1668 1520 1866 1593 judicio·
1909 1518 2275 1592 Episcoporum

420 1608 644 1682 (Confer
681 1608 950 1664 Vindicias·
982 1608 1035 1660 in
1073 1605 1117 1660 F
1123 1608 1385 1661 ebronium
1423 1627 1463 1662 c.
1505 1609 1556 1667 8.
1599 1610 1645 1679 ξ.
1686 1608 1792 1680 4.),
1832 1608 2011 1679 quibus
2049 1607 2134 1667 ille
2161 1609 2277 1678 jure

419 1697 665 1770 primatus
705 1695 938 1768 superior
977 1706 1072 1748 est.

569 1785 655 1839 17.
734 1782 839 1837 Sub
896 1782 988 1837 hoc
1036 1793 1234 1856 tempus
1284 1785 1446 1837 audiri
1505 1792 1780 1856 coeperunt
1832 1783 2193 1855 appellationes
2245 1801 2272 1834 a

420 1873 634 1926 decretis
673 1870 975 1924 Pontificum
1014 1870 1075 1923 ad
1112 1873 1352 1942 generale
1393 1871 1672 1925 concilium.
1751 1869 1852 1923 Sed
1893 1868 2154 1934 catholici,
2194 1868 2276 1938 qui

419 1960 492 2013 sic
548 1960 895 2031 appellarunt,
963 1976 1074 2010 cum
1123 1976 1227 2010 non
1276 1958 1645 2012 intellexerunt
1702 1939 1964 2010 concilium
2015 1955 2273 2026 gencrale,

419 2047 548 2117 quod
587 2055 786 2099 careret
812 2062 1063 2098 consensu
1088 2043 1372 2110 Pontificis,
1410 2055 1514 2097 tum
1553 2063 1656 2097 non
1683 2044 1970 2115 cogitarunt
1996 2039 2275 2107 concilium,

421 2134 552 2204 quod
587 2132 690 2187 vim
731 2131 1011 2186 coactivam
1050 2132 1261 2185 haberet
1298 2133 1351 2184 in
1391 2132 1600 2186 eundem
1652 2131 1803 2184 etiam
1842 2131 2082 2196 invitum,
2132 2129 2274 2199 quasi

419 2222 697 2292 subjectum
737 2229 787 2272 et
823 2219 1114 2272 inferiorem
1155 2218 1395 2284 concili0,
1453 2219 1646 2271 necssad
1685 2236 1827 2283 eum,
1876 2218 1920 2270 si
1959 2235 2083 2289 opus
2123 2227 2277 2282 esset,

420 2308 793 2380 deponendum,
841 2306 970 2359 unde
1022 2305 1383 2377 appellationes
1433 2305 1675 2378 ejusmodi
1721 2324 1782 2358 eo
1833 2304 2040 2359 consilio
2070 2313 2275 2377 ‘tantum

419 2394 769 2467 interpositae,
809 2403 864 2446 ut
897 2397 949 2445 in
989 2392 1281 2463 quibusdam
1318 2392 1700 2464 gravaminibus
1734 2403 1874 2465 opem
1903 2390 2125 2444 Patrum‘
2150 2386 2277 2444 *cou-

419 2483 520 2536 cilii
557 2490 890 2552 quaererent,
940 2499 1043 2533 nou
1080 2479 1205 2535 vero
1253 2481 1396 2550 quasi
1436 2483 1522 2552 jus
1560 2480 1673 2533 istis
1712 2480 1765 2532 in
1813 2497 2065 2542 summum
2093 2476 2278 2547 Ponti-

417 2572 560 2623 ficem
601 2587 715 2622 esse
754 2569 1142 2632 arbitrarentur,
1181 2576 1420 2635 tanquam
1448 2566 1732 2620 extraneae
1760 2586 1790 2619 a
1814 2576 1994 2639 nostro
2021 2565 2277 2637 proposito

417 2655 898 2728 praetermittendae
936 2663 1083 2720 sunt,
1115 2655 1328 2724 jureque
1366 2651 1556 2706 Petrus
1595 2653 1654 2705 de
1693 2652 1877 2706 Marca
1913 2651 2023 2706 veri
2061 2652 2277 2704 nominis

420 2741 782 2815 appellationes
822 2759 852 2793 a
889 2739 1035 2813 Papa
1086 2741 1147 2794 ad
1187 2740 1435 2812 synodum
1473 2740 1844 2794 oecumenicam
1885 2739 2067 2809 quoad
2103 2735 2278 2798 catho-

418 2832 541 2884 licos
580 2849 612 2882 a
647 2828 814 2884 veteri
850 2827 1113 2900 disciplina
1162 2827 1353 2880 alienas
1404 2827 1639 2898 prodidit.
1717 2827 1880 2900 Hujus
1927 2825 2132 2898 generis
2191 2845 2280 2898 ap-

418 2917 716 2990 pellationes
763 2916 816 2967 in
866 2915 1138 2968 remedium
1192 2914 1540 2985 gravaminum
1597 2914 1800 2986 propius
1860 2933 2063 2968 novam
2097 2930 2278 2965 causae

420 3002 820 3075 recognitionem
858 3002 1152 3073 requirunt,
1205 3021 1332 3072 quae
1370 3003 1453 3055 vel
1491 3001 1606 3055 ¹olim
1647 3001 1865 3073 supremi
1902 2999 2158 3071 Principis
2199 2999 2278 3051 in-

418 3090 675 3163 dulgentia
715 3090 1108 3157 concedebatur,
1158 3099 1211 3141 ut
1236 3090 1432 3143 »eadem
1482 3089 1810 3152 auctoritate,
1861 3106 1959 3156 qua
1997 3073 2274 3157 gravamen

417 3178 610 3231 illatum
647 3176 759 3240 fuit,
799 3177 1081 3242 tolleretur,
1121 3195 1214 3230 nec
1253 3176 1516 3248 superiore
1555 3174 1856 3228 auctoritate
1895 3192 2020 3245 opus
2062 3183 2213 3227 esset.

567 3265 652 3319 18.
729 3263 814 3316 Ad
852 3265 980 3317 hanc
1019 3263 1237 3335 speciem
1275 3264 1449 3335 procul
1487 3262 1634 3314 dubio
1673 3261 1937 3314 referenda
1975 3261 2170 3332 pariter
2196 3271 2275 3313 est

417 3351 502 3402 illa
539 3350 823 3422 appellatio,
863 3367 1010 3420 quam
1049 3351 1316 3404 occasione
1355 3349 1669 3403 celeberrimi
1708 3347 1901 3399 dissidii
1940 3347 2075 3401 inter
2113 3347 2272 3400 Boni-

418 3437 595 3489 facium
633 3437 773 3491 VIII.
823 3447 875 3490 et
914 3436 1197 3509 Philippum
1245 3437 1471 3508 Regem,
1500 3425 1660 3486 ‘Galli
1715 3452 1742 3486 a
1796 3435 2012 3487 decretis
2053 3419 2276 3506 ejusdem
