2326 3854
960 200 1132 209 -“-·-
1224 188 1351 223 ΧΧΠ

356 344 490 399 cleri
536 344 803 420 gallicani
851 347 1125 400 conventu
1174 340 1265 420 (a.
1309 339 1535 420 1682.)
1587 343 1799 420 habuit,
1849 347 1905 400 et
1949 348 2039 419 qui
2084 348 2204 424 ipso

353 433 614 509 vivente,
663 448 768 488 nec
794 449 902 488 non
937 435 992 487 et
1013 433 1246 502 jubente
1273 430 1469 487 eodem
1495 435 1803 508 conventu,
1852 430 2032 488 editus
2058 432 2205 490 θεῶ(

352 518 571 577 Deinde
619 519 787 595 paulo
833 523 961 594 post
1005 521 1061 574 in
1107 517 1305 576 eodem
1339 517 1687 576 Documento
1735 521 2003 594 pastorali
2033 520 2205 577 Mas-

354 609 596 664 siliensis
644 609 713 664 de
759 605 1131 682 Apostolicaev
1156 604 1325 665 Sedis
1369 608 1619 672 hostibus
1667 625 1855 664 amare
1903 611 2207 684 conqueri-

354 701 463 774 tur,
514 695 659 770 quod
694 694 958 751 Bossueti
995 712 1197 752 nomen
1230 700 1287 753 et
1325 698 1679 754 autoritatem
1724 700 1851 772 post
1883 701 2004 768 eJus
2044 716 2205 754 mor—

352 789 465 841 tem
513 786 614 839 sibi
659 783 943 839 vindicare
988 801 1099 840 non
1132 786 1548 858 erubescerent,
1596 803 1631 840 a
1663 803 1767 859 quo
1800 785 1928 841 dum
1958 788 2206 863 vivebat,

352 889 524 947 saepe
571 871 796 946 lateque
855 870 1138 949 profligati
1183 873 1531 948 damnatique
1596 872 1852 930 fuissent.

484 958 740 1015 Tandem
772 961 930 1016 testis
977 962 1132 1017 nobis
1180 963 1252 1017 sit
1296 958 1776 1037 Archiepiscopus
1807 961 2206 1039 Lugdunensis

355 1050 486 1106 olim
530 1046 984 1105 Ebredunensis:
1034 1048 1182 1126 „Ea
1225 1051 1416 1128 nobis,
1462 1052 1636 1125 inquit
1679 1052 1735 1106 in
1779 1048 2015 1107 Docum.
2061 1054 2206 1126 past.

355 1137 483 1194 dato
519 1137 608 1192 die
643 1137 702 1193 5.
746 1135 994 1212 August.
1034 1139 1223 1197 1733.
1257 1141 1588 1210 objiciuntur
1617 1138 1913 1213 posthuma
1945 1137 2208 1195 Bossueti

359 1243 554 1303 opera,
583 1225 724 1299 q'uae
748 1243 852 1281 nec
876 1225 1156 1283 habebunt
1178 1245 1439 1303 unquam,
1458 1245 1563 1283 nec
1586 1226 1796 1283 habere
1819 1231 2053 1302 possunt
2073 1229 2207 1283 lau—

356 1314 614 1373 datorum
644 1314 866 1373 illorum
909 1331 1140 1390 operum
1170 1317 1553 1392 autoritatem,
1599 1332 1741 1390 quae
1781 1317 1944 1372 autor
1973 1318 2210 1391 ipsemet

353 1401 544 1479 edidit,
594 1419 812 1476 quaeve
860 1398 1066 1459 Clerus
1115 1401 1445 1460 Gallicanus
1491 1410 1753 1479 tanquam
1798 1406 2207 1480 spectatissima

354 1490 636 1547 doetrinae
687 1494 745 1547 et
787 1488 915 1547 fidei
947 1508 1086 1548 suae
1132 1495 1488 1549 monumenta
1517 1494 1921 1567 pretiosissima
1967 1509 2207 1550 conser-

351 1580 522 1635 vabit.
616 1574 912 1635 Cariorem
969 1581 1056 1636 sui
1116 1582 1440 1637 memoriam
1498 1582 1655 1637 nobis
1699 1581 1924 1655 reliquit·
1966 1598 2207 1657 magnus

351 1666 733 1723 Meldensium
777 1665 1066 1744 AntisteS,
1125 1686 1290 1741 quam
1334 1672 1395 1724 ut
1441 1685 1510 1723 ea
1557 1685 1957 1724 veneraremur
1990 1669 2210 1743 ’scripta

351 1757 408 1810 in
457 1772 585 1811 eum
629 1753 816 1832 finem,
862 1757 943 1811 uti
979 1754 1221 1830 videtur,
1270 1754 1563 1832 fabricata,
1611 1760 1672 1812 ut
1700 1754 2040 1813 Bossuetum
2085 1774 2210 1813 cum

351 1842 632 1900 Bossueto
679 1843 829 1899 male
875 1845 1313 1917 commItterent3
1363 1860 1505 1919 quae
1549 1844 1769 1918 quidem
1815 1847 1863 1900 si
1895 1846 2050 1902 illum
2096 1863 2207 1900 au-

352 1936 532 1991 torem
577 1949 643 1987 ac
689 1935 979 2007 parentem
1026 1949 1164 1988 vere
1210 1932 1485 2008 habeant,
1535 1937 1668 2005 jure
1715 1934 1910 1989 merito
1947 1931 2207 2005 judicare

352 2023 666 2097 possimuS,
715 2023 839 2090 eJus
885 2019 985 2075 illa
1031 2021 1261 2096 generis
1306 2018 1586 2077 Bossueto
1633 2021 1758 2076 visa
1803 2019 2017 2097 fuisse,
2065 2037 2208 2095 quae

353 2108 630 2184 publicam
676 2110 932 2183 aspicere
961 2107 1148 2165 lucem
1176 2125 1285 2165 non
1314 2112 1691 2183 mererentur,
1739 2124 1956 2183 quaeve
1991 2109 2039 2165 si
2070 2109 2207 2164 vul-

354 2214 498 2273 gare
543 2197 840 2274 voluisset,
887 2214 998 2252 non
1044 2199 1198 2272 prius
1244 2196 1300 2252 id
1331 2196 1626 2274 facturum,
1675 2215 1839 2272 quam
1870 2198 1970 2252 illa
2007 2200 2206 2253 emen-

356 2285 583 2362 dasset,
643 2303 753 2360 qua
797 2288 1004 2341 severa
1051 2285 1345 2362 diligentia
1389 2302 1552 2342 suum
1607 2287 1728 2360 ipse
1774 2285 2052 2342 calamum
2084 2284 2207 2340 -ad-

354 2375 625 2429 versariis
663 2373 1065 2430 formidandum
1098 2373 1435 2430 reddiderat.
1462 2400 1478 2429 .
1505 2412 1521 2429 .
1545 2414 1561 2429 .
1619 2371 1712 2429 Ea
1742 2375 1918 2449 igitur
1946 2374 2210 2434 oblivioni

354 2461 571 2533 demus,
621 2479 764 2536 quae
789 2460 1105 2518 Bossuetus
1138 2462 1414 2518 oblivione
1462 2463 1684 2537 sepulta
1728 2463 1936 2518 voluit:
1982 2465 2208 2536 praesto

355 2553 483 2605 sunt
527 2550 683 2606 nobis
731 2567 904 2624 opera
948 2550 1123 2624 ipsius
1169 2551 1436 2626 genuina,
1484 2551 1680 2623 quibus
1711 2548 1783 2605 de
1815 2550 2051 2605 aliorum
2094 2549 2207 2605 do-

356 2638 534 2693 ctrina
555 2641 709 2694 recte
722 2637 1060 2709 JudicemuS.
1077 2633 1120 2671 ‘⁶
1183 2636 1448 2694 Attamen
1470 2638 1702 2694 inlibris
1726 2638 1985 2714 genuinis
2002 2677 2020 2713 ,
2048 2654 2206 2713 quoS,

357 2724 487 2782 dum
531 2727 789 2802 vivebat,
846 2724 1160 2782 Meldensis
1205 2723 1329 2801 ipse
1373 2725 1627 2801 publicae
1673 2725 1788 2782 luci
1834 2725 2207 2802 consecravit,

357 2810 573 2870 Summi
616 2813 901 2871 Pontificis
933 2816 1289 2871 autoritatem
1317 2818 1546 2870 strenue
1590 2812 1857 2871 defendit.
1939 2809 2209 2869 Ceterum

357 2903 535 2963 obiter
578 2903 670 2959 hie
701 2903 1216 2980 animadvertimuS,
1261 2904 1441 2978 ipsam
1471 2903 1915 2978 interpolationis
1955 2903 2208 2979 graviter

358 2995 675 3066 suspectam
707 2989 1120 3048 Declarationis
1138 2990 1543 3049 Defensionem
1570 2988 2208 3066 particulariEcclesiae

356 3078 652 3136 Romanae
690 3078 938 3155 Sedique
971 3079 1334 3156 Apostolicae
1381 3075 2048 3145 concessumasshristo
2082 3076 2209 3133 fidei

357 3167 722 3225 indeficientis
770 3169 1161 3247 privilegium,
1216 3171 1294 3224 ita
1338 3173 1400 3226 ut
1445 3185 1604 3225 error
1646 3167 1702 3222 in
1748 3163 1902 3232 Sede
1949 3164 2205 3240 Aposto-

355 3256 487 3333 lica,
537 3259 591 3313 in
622 3256 887 3314 Ecclesia
915 3256 1137 3315 Romae
1184 3259 1483 3315 constituta
1525 3253 1754 3330 perInde
1800 3271 1869 3310 ac
1905 3255 1960 3310 in
1991 3252 2207 3314 Eccle-

358 3345 444 3399 sia
466 3347 772 3402 universali
795 3347 1042 3403 obtinere
1073 3364 1183 3404 non
1205 3346 1405 3422 possit,
1434 3345 1637 3418 ubique
1659 3341 1966 3399 vindicare.
2025 3341 2205 3399 Sum·-

360 3449 589 3507 mopere
635 3452 776 3510 ergo
808 3424 1027 3491 nostris
1058 3435 1397 3509 temporibus
1425 3432 1838 3489 hallucinantur
1868 3449 2060 3497 omnes
2089 3432 2204 3502 isti,

362 3521 453 3594 qui
498 3520 694 3595 plenis.
725 3524 912 3579 buccis
969 3522 1250 3579 affirmare
1302 3521 1801 3597 bandvei-entur,
1851 3518 2206 3576 Bossuetum
