2326 3854
958 213 1076 250 XXV

113 386 177 425 eo
219 372 363 444 sunt,
407 372 467 423 ut
495 367 704 442 Papam
733 366 1022 442 Episcopis
1052 368 1373 441 coaequent,
1406 361 1712 439 Episcopos
1739 381 1906 438 pres-

110 456 343 530 hyteris,
387 456 848 530 presbyterosque
893 453 1058 528 plebi,
1103 455 1264 526 atque
1295 467 1508 507 omnem
1538 450 1756 507 tandem
1782 449 1906 505 Ec·-

112 542 334 596 clesiam
378 541 474 596 sub
518 538 716 596 laicale
760 538 1042 613 imperium
1087 541 1322 613 cogant,
1365 540 1426 593 ut
1468 535 1719 607 tandem,
1767 552 1907 592 con-

113 628 293 683 stituto
339 625 528 682 sociali
573 629 850 681 contractu
895 625 1142 698 omnique
1184 627 1453 698 potestate
1499 622 1744 698 sublata,
1792 624 1908 677 sine

110 712 348 786 principe
391 710 618 786 degant,
663 712 780 765 sine
824 709 973 784 lege.
1001 741 1083 749 —
1128 707 1248 784 En,
1308 713 1558 781 systema
1596 725 1724 765 orco
1772 725 1907 764 eru—

112 799 329 872 ctatum,
376 814 479 869 quo
510 797 726 853 tandem
757 798 937 851 omnia
967 811 1168 868 susque
1199 795 1374 867 deque
1406 799 1706 851 vertantur.
1784 793 1910 850 Huc

113 883 290 938 omnia
332 881 597 959 redeunt,
644 887 704 938 ut
747 883 1095 938 autorItatem
1138 877 1433 936 Ecclesiae
1477 881 1677 954 populo
1724 882 1908 937 vindi-

112 973 254 1043 cent,
302 970 391 1041 qui
436 984 557 1024 eam
586 986 686 1043 per
713 965 998 1039 PastoreS,
1046 966 1112 1023 de
1147 983 1437 1022 concensu
1474 967 1692 1022 saltem
1713 984 1910 1040 prae-

111 1058 342 1127 sumpto
388 1056 650 1130 corporis,
696 1057 973 1110 exerceat.
1038 1052 1248 1113 Audias
1280 1052 1548 1108 famosum
1578 1052 1731 1107 illum
1768 1054 1913 1128 apud

110 1139 473 1195 Jansenianos
511 1142 699 1216 magni
732 1142 960 1196 nominis
981 1135 1315 1212 Espenium:
1365 1135 1770 1215 „Quantumvis
1800 1157 1910 1194 au-

110 1229 219 1281 tem
263 1225 563 1281 labentibus
600 1225 858 1302 saeculiS,
905 1228 981 1281 ait
1015 1223 1295 1301 (Tractat.
1327 1223 1395 1280 de
1427 1241 1643 1280 censur.
1691 1242 1810 1299 cap.
1837 1222 1911 1279 11.

75 1333 77 1335 ’
113 1307 282 1387 §.1.)
329 1314 648 1367 exercitium
679 1312 913 1368 clavium
958 1316 1118 1384 atque
1165 1312 1230 1371 ab
1265 1310 1352 1365 his
1387 1309 1700 1384 dependens
1745 1314 1912 1367 auto-

110 1398 242 1452 ritas
288 1399 787 1455 excommunicandi
830 1400 1106 1454 transierit
1157 1388 1226 1454 ad
1271 1397 1419 1453 solos
1464 1395 1757 1452 Ecclesiae
1800 1399 1912 1452 mi-

110 1485 308 1539 nistros
354 1488 409 1539 et
454 1484 860 1540 ecclesiasticos
894 1484 1146 1559 judiceS,
1203 1489 1261 1540 ut
1303 1500 1406 1539 nec
1431 1482 1784 1541 multitudinis
1811 1500 1913 1539 nec

110 1567 399 1624 Ecclesiae
450 1571 794 1644 particularis
850 1571 1133 1627 consilium
1188 1573 1511 1645 expetatur,
1569 1569 1913 1625 nihilominus

113 1656 232 1727 ipsa
276 1653 508 1711 clavium
551 1660 794 1729 potestas
823 1657 1193 1732 principaliter
1222 1660 1470 1712 remanet
1507 1658 1564 1710 et
1591 1672 1915 1711 remansura

116 1744 200 1795 est
241 1757 410 1814 penes
454 1739 786 1818 Ecclesiam,
833 1744 919 1798 cui
965 1759 998 1797 a
1044 1737 1266 1797 Christo
1311 1742 1366 1796 in
1408 1755 1646 1815 persona
1667 1740 1822 1797 Petri
1861 1748 1915 1798 et

112 1824 501 1899 Apostolorum
545 1827 672 1884 data
717 1833 824 1905 est,
871 1832 1025 1900 quus
1068 1829 1284 1884 nomine
1329 1843 1452 1882 eam
1488 1831 1750 1884 exercent
1794 1831 1914 1899 ejus

111 1912 355 1966 ministri.
371 1909 412 1945 ‘⁶

239 1995 325 2052 De
369 1975 474 2054 hoc
517 1996 889 2056 Jansenianae
932 2002 1103 2076 partis
1135 1995 1476 2075 Coryphaeo
1507 2018 1683 2076 pauca
1715 2017 1787 2056 ex
1811 1999 1912 2056 W.

80 2082 183 2138 ³1¹.
241 2080 544 2140 Backhusii
598 2084 963 2143 Lovaniensis
1020 2103 1229 2162 011616.
1309 2086 1469 2142 Acta
1522 2087 1601 2142 Z.
1646 2086 1727 2142 B.
1786 2087 1915 2142 Van

114 2167 398 2242 Espen..
422 2211 437 2225 .
483 2169 650 2226 circa
691 2169 1040 2230 Micsionem
1072 2172 1503 2229 Hollandicam
1545 2172 1675 2229 edit.
1705 2169 1914 2230 Mech-

111 2251 207 2310 lin.
253 2255 439 2313 1827.
483 2257 812 2331 depromam.

240 2340 499 2415 zegerus
541 2343 857 2400 Bernardus
899 2341 1025 2400 Van
1055 2342 1247 2418 Espen
1290 2347 1345 2399 in
1391 2346 1536 2400 alma
1578 2345 1916 2401 Lovaniensi

115 2423 484 2483 Universitate
528 2427 582 2483 J.
611 2425 683 2484 U.
714 2428 920 2486 Doctor
965 2435 1021 2485 et
1050 2427 1160 2486 SS.
1194 2426 1479 2486 Canonum
1520 2429 1835 2507 Professor,
1883 2450 1917 2486 a

113 2529 281 2586 puero
312 2514 366 2567 in
397 2510 654 2589 Collegio
676 2513 957 2592 Pontificio
982 2515 1219 2572 Lovanii
1248 2516 1458 2572 famoso
1480 2515 1709 2572 Doctori
1737 2516 1915 2589 Huy-

114 2600 278 2672 genio
322 2598 695 2656 Jansenianae
741 2601 1018 2658 doctrinae
1062 2602 1187 2658 labe
1239 2601 1476 2679 infecto,
1537 2602 1712 2676 quoad
1756 2605 1915 2679 vixit,

115 2683 456 2741 cohabitavit.
524 2685 810 2757 Quesnelli
853 2705 1063 2762 quoque
1107 2690 1162 2743 in
1191 2689 1390 2744 intimis
1427 2688 1548 2766 fuit,
1595 2693 1758 2763 atque
1791 2690 1915 2745 inde

115 2771 408 2827 acerrimus
453 2773 571 2846 ipse
600 2773 972 2830 Jansenianae
1018 2774 1266 2831 factionis
1310 2774 1492 2831 fautor
1537 2780 1593 2832 et
1635 2780 1914 2849 patronus.

113 2851 459 2926 Ultrajectini
502 2860 667 2914 etiam
705 2859 1010 2916 schismatis
1054 2865 1331 2934 promotor
1366 2860 1541 2917 factus
1551 2900 1574 2933 ,
1622 2879 1915 2937 eorumque

115 2939 391 3017 (1611166118,
439 2945 527 3015 qui
570 2947 731 3018 gravi
775 2945 896 3001 odio
927 2944 1210 3003 Romanos
1241 2945 1535 3003 Pontifices
1566 2965 1914 3023 persequun-

115 3029 232 3102 tur,
278 3027 452 3101 deque
499 3045 685 3084 eorum
727 3034 998 3103 potestate
1041 3034 1270 3088 multum
1314 3033 1633 3111 detrahunt,
1679 3035 1916 3090 fortasse

117 3115 387 3170 concessit
425 3117 644 3170 nemini.
718 3114 946 3172 Omnem
991 3135 1144 3191 spem
1189 3137 1344 3174 suam
1387 3136 1484 3194 pro
1531 3120 1733 3176 tuenda
1764 3120 1915 3174 Jan-

116 3200 342 3255 seniana
383 3204 539 3274 parte
583 3202 637 3256 in
680 3199 825 3257 laica
867 3206 1138 3276 potestate
1182 3205 1480 3277 reponebat
1493 3224 1511 3277 3
1566 3222 1724 3277 quam
1768 3205 1914 3276 ideo,

118 3285 490 3342 ecclesiastica
533 3287 810 3344 imminuta
851 3289 1012 3344 immo
1060 3288 1357 3365 depressa,
1425 3289 1493 3347 ad
1538 3294 1689 3346 astra
1743 3308 1915 3365 usque

121 3371 416 3427 extollebat
449 3374 770 3447 juribusque
825 3372 1027 3430 fictitiis
1072 3374 1462 3449 amplificabatz
1523 3378 1717 3452 quippe
1772 3379 1916 3433 laica

120 3455 492 3529 amplificanda
536 3463 675 3535 erat,
722 3461 787 3516 ab
835 3460 1011 3516 altera
1042 3461 1167 3535 quia
1197 3463 1297 3519 sibi
1323 3463 1596 3518 timebant.
1669 3462 1832 3520 Hunc
1862 3465 1914 3519 in
