<?xml version="1.0" encoding="UTF-8"?>
<!DOCTYPE html PUBLIC "-//W3C//DTD XHTML 1.0 Transitional//EN"
    "http://www.w3.org/TR/xhtml1/DTD/xhtml1-transitional.dtd">
<html xmlns="http://www.w3.org/1999/xhtml" xml:lang="en" lang="en">
 <head>
  <title>
</title>
<meta http-equiv="Content-Type" content="text/html;charset=utf-8" />
  <meta name='ocr-system' content='tesseract 3.04.00' />
  <meta name='ocr-capabilities' content='ocr_page ocr_carea ocr_par ocr_line ocrx_word'/>
</head>
<body>
  <div class='ocr_page' id='page_1' title='image "./ra546170800balluoft_0040.png"; bbox 0 0 2326 3854; ppageno 0'>
   <div class='ocr_carea' id='block_1_1' title="bbox 931 191 1097 200">
    <p class='ocr_par' dir='ltr' id='par_1_1' title="bbox 931 191 1097 200">
     <span class='ocr_line' id='line_1_1' title="bbox 931 191 1097 200; baseline 0 3654"><span class='ocrx_word' id='word_1_1' title='bbox 931 191 1097 200; x_wconf 95' lang='lat' dir='ltr'> </span> 
     </span>
    </p>
   </div>
   <div class='ocr_carea' id='block_1_2' title="bbox 1197 175 1384 214">
    <p class='ocr_par' dir='ltr' id='par_1_2' title="bbox 1197 175 1384 214">
     <span class='ocr_line' id='line_1_2' title="bbox 1197 175 1384 214; baseline 0 -2"><span class='ocrx_word' id='word_1_2' title='bbox 1197 175 1384 214; x_wconf 77' lang='lat' dir='ltr'>XXXIV</span> 
     </span>
    </p>
   </div>
   <div class='ocr_carea' id='block_1_3' title="bbox 1477 189 1650 197">
    <p class='ocr_par' dir='ltr' id='par_1_3' title="bbox 1477 189 1650 197">
     <span class='ocr_line' id='line_1_3' title="bbox 1477 189 1650 197; baseline 0 3657"><span class='ocrx_word' id='word_1_3' title='bbox 1477 189 1650 197; x_wconf 95' lang='lat' dir='ltr'> </span> 
     </span>
    </p>
   </div>
   <div class='ocr_carea' id='block_1_4' title="bbox 361 315 2245 3573">
    <p class='ocr_par' dir='ltr' id='par_1_4' title="bbox 361 315 2245 3573">
     <span class='ocr_line' id='line_1_4' title="bbox 367 315 2245 398; baseline -0.003 -20"><span class='ocrx_word' id='word_1_4' title='bbox 367 323 567 398; x_wconf 84' lang='lat' dir='ltr'>quippe</span> <span class='ocrx_word' id='word_1_5' title='bbox 614 338 756 395; x_wconf 87' lang='lat' dir='ltr'>quae</span> <span class='ocrx_word' id='word_1_6' title='bbox 816 336 1131 395; x_wconf 83' lang='lat' dir='ltr'>supremam</span> <span class='ocrx_word' id='word_1_7' title='bbox 1179 315 1480 372; x_wconf 79' lang='lat' dir='ltr'><strong>Ecclesiae</strong></span> <span class='ocrx_word' id='word_1_8' title='bbox 1532 318 1863 392; x_wconf 82' lang='lat' dir='ltr'>promissam</span> <span class='ocrx_word' id='word_1_9' title='bbox 1906 315 2016 374; x_wconf 86' lang='lat' dir='ltr'>Dei</span> <span class='ocrx_word' id='word_1_10' title='bbox 2063 319 2245 374; x_wconf 13' lang='lat' dir='ltr'>assi-e</span> 
     </span>
     <span class='ocr_line' id='line_1_5' title="bbox 367 403 2219 480; baseline -0.003 -13"><span class='ocrx_word' id='word_1_11' title='bbox 367 412 623 467; x_wconf 86' lang='lat' dir='ltr'>stentiam</span> <span class='ocrx_word' id='word_1_12' title='bbox 671 413 869 480; x_wconf 82' lang='lat' dir='ltr'>ejusve</span> <span class='ocrx_word' id='word_1_13' title='bbox 899 407 1184 463; x_wconf 83' lang='lat' dir='ltr'>Justitiam</span> <span class='ocrx_word' id='word_1_14' title='bbox 1213 403 1739 479; x_wconf 88' lang='lat' dir='ltr'>Providentiamque</span> <span class='ocrx_word' id='word_1_15' title='bbox 1787 405 2071 462; x_wconf 82' lang='lat' dir='ltr'>rarissime</span> <span class='ocrx_word' id='word_1_16' title='bbox 2115 424 2219 462; x_wconf 89' lang='lat' dir='ltr'>re-</span> 
     </span>
     <span class='ocr_line' id='line_1_6' title="bbox 367 494 2221 575; baseline -0.002 -21"><span class='ocrx_word' id='word_1_17' title='bbox 367 500 624 575; x_wconf 72' lang='lat' dir='ltr'>spiciant⁷</span> <span class='ocrx_word' id='word_1_18' title='bbox 673 498 772 553; x_wconf 88' lang='lat' dir='ltr'>sed</span> <span class='ocrx_word' id='word_1_19' title='bbox 820 496 940 552; x_wconf 87' lang='lat' dir='ltr'>fere</span> <span class='ocrx_word' id='word_1_20' title='bbox 986 510 1210 568; x_wconf 82' lang='lat' dir='ltr'>semper</span> <span class='ocrx_word' id='word_1_21' title='bbox 1267 511 1335 550; x_wconf 86' lang='lat' dir='ltr'>co</span> <span class='ocrx_word' id='word_1_22' title='bbox 1395 494 1654 570; x_wconf 78' lang='lat' dir='ltr'>tendant,</span> <span class='ocrx_word' id='word_1_23' title='bbox 1715 497 1775 549; x_wconf 92' lang='lat' dir='ltr'>ut</span> <span class='ocrx_word' id='word_1_24' title='bbox 1820 496 1982 549; x_wconf 91' lang='lat' dir='ltr'>autor</span> <span class='ocrx_word' id='word_1_25' title='bbox 2028 500 2221 569; x_wconf 86' lang='lat' dir='ltr'>carpat</span> 
     </span>
     <span class='ocr_line' id='line_1_7' title="bbox 369 579 2218 662; baseline -0.003 -19"><span class='ocrx_word' id='word_1_26' title='bbox 369 587 707 662; x_wconf 86' lang='lat' dir='ltr'>sugilletque</span> <span class='ocrx_word' id='word_1_27' title='bbox 768 583 977 641; x_wconf 81' lang='lat' dir='ltr'>Sedem</span> <span class='ocrx_word' id='word_1_28' title='bbox 1023 581 1411 657; x_wconf 84' lang='lat' dir='ltr'>Apostolicam</span> <span class='ocrx_word' id='word_1_29' title='bbox 1468 580 1842 656; x_wconf 73' lang='lat' dir='ltr'>summosque</span> <span class='ocrx_word' id='word_1_30' title='bbox 1895 579 2218 657; x_wconf 74' lang='lat' dir='ltr'>PontificeS‚</span> 
     </span>
     <span class='ocr_line' id='line_1_8' title="bbox 370 671 2220 747; baseline -0.003 -16"><span class='ocrx_word' id='word_1_31' title='bbox 370 681 427 732; x_wconf 89' lang='lat' dir='ltr'>et</span> <span class='ocrx_word' id='word_1_32' title='bbox 472 692 664 730; x_wconf 90' lang='lat' dir='ltr'>eorum</span> <span class='ocrx_word' id='word_1_33' title='bbox 701 676 836 742; x_wconf 87' lang='lat' dir='ltr'>jura</span> <span class='ocrx_word' id='word_1_34' title='bbox 893 671 1139 747; x_wconf 72' lang='lat' dir='ltr'>arrodat,</span> <span class='ocrx_word' id='word_1_35' title='bbox 1188 674 1246 726; x_wconf 90' lang='lat' dir='ltr'>et</span> <span class='ocrx_word' id='word_1_36' title='bbox 1290 671 1420 726; x_wconf 89' lang='lat' dir='ltr'>dum</span> <span class='ocrx_word' id='word_1_37' title='bbox 1465 672 1674 726; x_wconf 88' lang='lat' dir='ltr'>abusus</span> <span class='ocrx_word' id='word_1_38' title='bbox 1714 674 1901 727; x_wconf 91' lang='lat' dir='ltr'>notam</span> <span class='ocrx_word' id='word_1_39' title='bbox 1932 671 2220 746; x_wconf 79' lang='lat' dir='ltr'>legitimae</span> 
     </span>
     <span class='ocr_line' id='line_1_9' title="bbox 368 759 2219 836; baseline -0.004 -17"><span class='ocrx_word' id='word_1_40' title='bbox 368 763 678 819; x_wconf 84' lang='lat' dir='ltr'>autoritatis</span> <span class='ocrx_word' id='word_1_41' title='bbox 725 761 994 816; x_wconf 89' lang='lat' dir='ltr'>exercitio</span> <span class='ocrx_word' id='word_1_42' title='bbox 1041 761 1243 836; x_wconf 67' lang='lat' dir='ltr'>inurit,</span> <span class='ocrx_word' id='word_1_43' title='bbox 1298 760 1478 834; x_wconf 88' lang='lat' dir='ltr'>ipsam</span> <span class='ocrx_word' id='word_1_44' title='bbox 1524 760 1877 815; x_wconf 87' lang='lat' dir='ltr'>autoritatem</span> <span class='ocrx_word' id='word_1_45' title='bbox 1924 759 2219 816; x_wconf 87' lang='lat' dir='ltr'>concutiat.</span> 
     </span>
     <span class='ocr_line' id='line_1_10' title="bbox 367 847 2220 924; baseline -0.002 -18"><span class='ocrx_word' id='word_1_46' title='bbox 367 850 501 906; x_wconf 86' lang='lat' dir='ltr'>Ideo</span> <span class='ocrx_word' id='word_1_47' title='bbox 545 852 696 905; x_wconf 84' lang='lat' dir='ltr'>totus</span> <span class='ocrx_word' id='word_1_48' title='bbox 744 851 833 903; x_wconf 90' lang='lat' dir='ltr'>est</span> <span class='ocrx_word' id='word_1_49' title='bbox 876 850 929 903; x_wconf 92' lang='lat' dir='ltr'>in</span> <span class='ocrx_word' id='word_1_50' title='bbox 968 847 1312 903; x_wconf 85' lang='lat' dir='ltr'>vindicandis</span> <span class='ocrx_word' id='word_1_51' title='bbox 1360 848 1476 902; x_wconf 90' lang='lat' dir='ltr'>suis</span> <span class='ocrx_word' id='word_1_52' title='bbox 1507 847 1885 924; x_wconf 75' lang='lat' dir='ltr'>praejudiciis,</span> <span class='ocrx_word' id='word_1_53' title='bbox 1935 864 2077 921; x_wconf 90' lang='lat' dir='ltr'>quae</span> <span class='ocrx_word' id='word_1_54' title='bbox 2109 865 2220 903; x_wconf 91' lang='lat' dir='ltr'>non</span> 
     </span>
     <span class='ocr_line' id='line_1_11' title="bbox 369 934 2220 1012; baseline -0.001 -18"><span class='ocrx_word' id='word_1_55' title='bbox 369 939 548 995; x_wconf 89' lang='lat' dir='ltr'>solum</span> <span class='ocrx_word' id='word_1_56' title='bbox 591 937 874 992; x_wconf 89' lang='lat' dir='ltr'>multoties</span> <span class='ocrx_word' id='word_1_57' title='bbox 920 954 1023 1012; x_wconf 90' lang='lat' dir='ltr'>per</span> <span class='ocrx_word' id='word_1_58' title='bbox 1054 934 1268 992; x_wconf 79' lang='lat' dir='ltr'>Sedem</span> <span class='ocrx_word' id='word_1_59' title='bbox 1297 934 1684 1011; x_wconf 87' lang='lat' dir='ltr'>Apostolicam</span> <span class='ocrx_word' id='word_1_60' title='bbox 1729 938 2058 1010; x_wconf 87' lang='lat' dir='ltr'>reprobatae</span> <span class='ocrx_word' id='word_1_61' title='bbox 2090 934 2220 992; x_wconf 89' lang='lat' dir='ltr'>De-</span> 
     </span>
     <span class='ocr_line' id='line_1_12' title="bbox 368 1025 2220 1100; baseline -0.002 -17"><span class='ocrx_word' id='word_1_62' title='bbox 368 1027 656 1083; x_wconf 88' lang='lat' dir='ltr'>clarationi</span> <span class='ocrx_word' id='word_1_63' title='bbox 716 1025 1034 1100; x_wconf 78' lang='lat' dir='ltr'>gallicanae</span> <span class='ocrx_word' id='word_1_64' title='bbox 1082 1043 1135 1080; x_wconf 90' lang='lat' dir='ltr'>a.</span> <span class='ocrx_word' id='word_1_65' title='bbox 1187 1025 1376 1082; x_wconf 76' lang='lat'><strong>1682.</strong></span> <span class='ocrx_word' id='word_1_66' title='bbox 1424 1026 1622 1080; x_wconf 91' lang='lat' dir='ltr'>mirum</span> <span class='ocrx_word' id='word_1_67' title='bbox 1668 1027 1929 1098; x_wconf 90' lang='lat' dir='ltr'>quantum</span> <span class='ocrx_word' id='word_1_68' title='bbox 1975 1038 2220 1099; x_wconf 87' lang='lat' dir='ltr'>respon·-</span> 
     </span>
     <span class='ocr_line' id='line_1_13' title="bbox 368 1112 2219 1188; baseline -0.002 -16"><span class='ocrx_word' id='word_1_69' title='bbox 368 1115 531 1186; x_wconf 84' lang='lat' dir='ltr'>dent,</span> <span class='ocrx_word' id='word_1_70' title='bbox 581 1112 685 1170; x_wconf 82' lang='lat' dir='ltr'>sed</span> <span class='ocrx_word' id='word_1_71' title='bbox 731 1118 788 1170; x_wconf 88' lang='lat' dir='ltr'>et</span> <span class='ocrx_word' id='word_1_72' title='bbox 830 1112 1212 1170; x_wconf 83' lang='lat' dir='ltr'>Jansenianae</span> <span class='ocrx_word' id='word_1_73' title='bbox 1258 1115 1402 1188; x_wconf 87' lang='lat' dir='ltr'>parti</span> <span class='ocrx_word' id='word_1_74' title='bbox 1447 1114 1503 1168; x_wconf 91' lang='lat' dir='ltr'>in</span> <span class='ocrx_word' id='word_1_75' title='bbox 1549 1112 1736 1168; x_wconf 89' lang='lat' dir='ltr'>multis</span> <span class='ocrx_word' id='word_1_76' title='bbox 1786 1113 2219 1187; x_wconf 81' lang='lat' dir='ltr'>patrocinantur.</span> 
     </span>
     <span class='ocr_line' id='line_1_14' title="bbox 369 1199 2220 1278; baseline -0.002 -19"><span class='ocrx_word' id='word_1_77' title='bbox 369 1199 744 1278; x_wconf 79' lang='lat' dir='ltr'>Conqueritur</span> <span class='ocrx_word' id='word_1_78' title='bbox 788 1204 1130 1259; x_wconf 89' lang='lat' dir='ltr'>immutatam</span> <span class='ocrx_word' id='word_1_79' title='bbox 1175 1203 1335 1259; x_wconf 89' lang='lat' dir='ltr'>falsis</span> <span class='ocrx_word' id='word_1_80' title='bbox 1367 1201 1567 1257; x_wconf 87' lang='lat' dir='ltr'>Isidori</span> <span class='ocrx_word' id='word_1_81' title='bbox 1602 1200 1997 1257; x_wconf 88' lang='lat' dir='ltr'>Decretalibus</span> <span class='ocrx_word' id='word_1_82' title='bbox 2042 1199 2220 1257; x_wconf 89' lang='lat' dir='ltr'>disci-</span> 
     </span>
     <span class='ocr_line' id='line_1_15' title="bbox 366 1287 2223 1368; baseline -0.002 -20"><span class='ocrx_word' id='word_1_83' title='bbox 366 1292 573 1368; x_wconf 88' lang='lat' dir='ltr'>plinam</span> <span class='ocrx_word' id='word_1_84' title='bbox 620 1291 1093 1367; x_wconf 79' lang='lat' dir='ltr'>ecclesiasticam,</span> <span class='ocrx_word' id='word_1_85' title='bbox 1141 1309 1272 1346; x_wconf 91' lang='lat' dir='ltr'>rara</span> <span class='ocrx_word' id='word_1_86' title='bbox 1315 1287 1592 1359; x_wconf 81' lang='lat' dir='ltr'>Concilia,</span> <span class='ocrx_word' id='word_1_87' title='bbox 1642 1288 2050 1365; x_wconf 83' lang='lat' dir='ltr'>Episcoporum</span> <span class='ocrx_word' id='word_1_88' title='bbox 2088 1293 2223 1361; x_wconf 85' lang='lat' dir='ltr'>jura</span> 
     </span>
     <span class='ocr_line' id='line_1_16' title="bbox 367 1377 2220 1455; baseline 0.001 -20"><span class='ocrx_word' id='word_1_89' title='bbox 367 1381 673 1455; x_wconf 80' lang='lat' dir='ltr'>imminuta,</span> <span class='ocrx_word' id='word_1_90' title='bbox 713 1385 770 1436; x_wconf 87' lang='lat' dir='ltr'>et</span> <span class='ocrx_word' id='word_1_91' title='bbox 800 1379 1206 1455; x_wconf 79' lang='lat' dir='ltr'>appellationes</span> <span class='ocrx_word' id='word_1_92' title='bbox 1237 1378 1311 1434; x_wconf 92' lang='lat' dir='ltr'>ad</span> <span class='ocrx_word' id='word_1_93' title='bbox 1340 1378 1659 1435; x_wconf 86' lang='lat' dir='ltr'>Romanum</span> <span class='ocrx_word' id='word_1_94' title='bbox 1683 1377 2007 1435; x_wconf 89' lang='lat' dir='ltr'>Pontificem</span> <span class='ocrx_word' id='word_1_95' title='bbox 2041 1380 2220 1435; x_wconf 89' lang='lat' dir='ltr'>intro-</span> 
     </span>
     <span class='ocr_line' id='line_1_17' title="bbox 369 1466 2221 1542; baseline 0 -18"><span class='ocrx_word' id='word_1_96' title='bbox 369 1469 584 1524; x_wconf 78' lang='lat' dir='ltr'>ductas·</span> <span class='ocrx_word' id='word_1_97' title='bbox 654 1466 802 1538; x_wconf 75' lang='lat' dir='ltr'>Quid</span> <span class='ocrx_word' id='word_1_98' title='bbox 837 1467 980 1542; x_wconf 87' lang='lat' dir='ltr'>quod</span> <span class='ocrx_word' id='word_1_99' title='bbox 1013 1469 1142 1525; x_wconf 87' lang='lat' dir='ltr'>talis</span> <span class='ocrx_word' id='word_1_100' title='bbox 1174 1468 1679 1524; x_wconf 84' lang='lat' dir='ltr'>considerationum</span> <span class='ocrx_word' id='word_1_101' title='bbox 1710 1468 2079 1523; x_wconf 86' lang='lat' dir='ltr'>immixtarum</span> <span class='ocrx_word' id='word_1_102' title='bbox 2115 1469 2221 1524; x_wconf 88' lang='lat' dir='ltr'>ab-</span> 
     </span>
     <span class='ocr_line' id='line_1_18' title="bbox 368 1555 2222 1633; baseline -0.002 -20"><span class='ocrx_word' id='word_1_103' title='bbox 368 1575 504 1613; x_wconf 88' lang='lat' dir='ltr'>usus</span> <span class='ocrx_word' id='word_1_104' title='bbox 551 1557 861 1633; x_wconf 74' lang='lat' dir='ltr'>convincit,</span> <span class='ocrx_word' id='word_1_105' title='bbox 909 1559 1161 1613; x_wconf 90' lang='lat' dir='ltr'>autorem</span> <span class='ocrx_word' id='word_1_106' title='bbox 1221 1557 1557 1632; x_wconf 80' lang='lat' dir='ltr'>adgressum</span> <span class='ocrx_word' id='word_1_107' title='bbox 1618 1574 1747 1612; x_wconf 88' lang='lat' dir='ltr'>esse</span> <span class='ocrx_word' id='word_1_108' title='bbox 1805 1555 1873 1610; x_wconf 88' lang='lat' dir='ltr'>ad</span> <span class='ocrx_word' id='word_1_109' title='bbox 1934 1555 2222 1611; x_wconf 82' lang='lat' dir='ltr'>historiam</span> 
     </span>
     <span class='ocr_line' id='line_1_19' title="bbox 369 1642 2222 1714; baseline -0.001 -14"><span class='ocrx_word' id='word_1_110' title='bbox 369 1644 750 1714; x_wconf 82' lang='lat' dir='ltr'>scribendam,</span> <span class='ocrx_word' id='word_1_111' title='bbox 820 1649 880 1700; x_wconf 89' lang='lat' dir='ltr'>ut</span> <span class='ocrx_word' id='word_1_112' title='bbox 929 1643 1313 1700; x_wconf 87' lang='lat' dir='ltr'>Romanorum</span> <span class='ocrx_word' id='word_1_113' title='bbox 1366 1642 1695 1700; x_wconf 86' lang='lat' dir='ltr'>Pontificum</span> <span class='ocrx_word' id='word_1_114' title='bbox 1751 1644 1975 1699; x_wconf 90' lang='lat' dir='ltr'>nomina</span> <span class='ocrx_word' id='word_1_115' title='bbox 2018 1661 2222 1699; x_wconf 87' lang='lat' dir='ltr'>macu-</span> 
     </span>
     <span class='ocr_line' id='line_1_20' title="bbox 367 1732 2224 1809; baseline -0.001 -20"><span class='ocrx_word' id='word_1_116' title='bbox 367 1734 495 1809; x_wconf 56' lang='lat' dir='ltr'>let,</span> <span class='ocrx_word' id='word_1_117' title='bbox 552 1750 744 1788; x_wconf 90' lang='lat' dir='ltr'>eorum</span> <span class='ocrx_word' id='word_1_118' title='bbox 795 1732 1242 1805; x_wconf 79' lang='lat' dir='ltr'>Jurisdictionem</span> <span class='ocrx_word' id='word_1_119' title='bbox 1302 1738 1362 1789; x_wconf 89' lang='lat' dir='ltr'>et</span> <span class='ocrx_word' id='word_1_120' title='bbox 1426 1732 1806 1789; x_wconf 81' lang='lat' dir='ltr'>venerandam</span> <span class='ocrx_word' id='word_1_121' title='bbox 1867 1733 2224 1788; x_wconf 86' lang='lat' dir='ltr'>autoritatem</span> 
     </span>
     <span class='ocr_line' id='line_1_21' title="bbox 369 1817 2222 1898; baseline 0.001 -21"><span class='ocrx_word' id='word_1_122' title='bbox 369 1825 688 1897; x_wconf 82' lang='lat' dir='ltr'>suspectam</span> <span class='ocrx_word' id='word_1_123' title='bbox 732 1820 953 1898; x_wconf 65' lang='lat' dir='ltr'>reddat,</span> <span class='ocrx_word' id='word_1_124' title='bbox 1001 1825 1057 1878; x_wconf 93' lang='lat' dir='ltr'>et</span> <span class='ocrx_word' id='word_1_125' title='bbox 1100 1821 1329 1877; x_wconf 91' lang='lat' dir='ltr'>vincula</span> <span class='ocrx_word' id='word_1_126' title='bbox 1374 1822 1599 1878; x_wconf 89' lang='lat' dir='ltr'>unitatis</span> <span class='ocrx_word' id='word_1_127' title='bbox 1645 1817 1992 1877; x_wconf 65' lang='lat' dir='ltr'>labefactet?</span> <span class='ocrx_word' id='word_1_128' title='bbox 2061 1819 2222 1891; x_wconf 79' lang='lat' dir='ltr'>Quae</span> 
     </span>
     <span class='ocr_line' id='line_1_22' title="bbox 369 1905 2223 1983; baseline -0.001 -18"><span class='ocrx_word' id='word_1_129' title='bbox 369 1905 595 1966; x_wconf 80' lang='lat' dir='ltr'>Claudii</span> <span class='ocrx_word' id='word_1_130' title='bbox 653 1908 875 1982; x_wconf 83' lang='lat' dir='ltr'>Fleury</span> <span class='ocrx_word' id='word_1_131' title='bbox 934 1910 1371 1965; x_wconf 87' lang='lat' dir='ltr'>machinationes</span> <span class='ocrx_word' id='word_1_132' title='bbox 1445 1914 1501 1964; x_wconf 91' lang='lat' dir='ltr'>et</span> <span class='ocrx_word' id='word_1_133' title='bbox 1558 1909 1842 1964; x_wconf 87' lang='lat' dir='ltr'>molimina</span> <span class='ocrx_word' id='word_1_134' title='bbox 1889 1909 2223 1983; x_wconf 89' lang='lat' dir='ltr'>jampridem</span> 
     </span>
     <span class='ocr_line' id='line_1_23' title="bbox 369 1995 2223 2074; baseline -0.002 -20"><span class='ocrx_word' id='word_1_135' title='bbox 369 2000 646 2073; x_wconf 87' lang='lat' dir='ltr'>publicam</span> <span class='ocrx_word' id='word_1_136' title='bbox 692 1999 1009 2053; x_wconf 84' lang='lat' dir='ltr'>excitarunt</span> <span class='ocrx_word' id='word_1_137' title='bbox 1053 1997 1510 2074; x_wconf 80' lang='lat' dir='ltr'>indignationem.</span> <span class='ocrx_word' id='word_1_138' title='bbox 1591 1995 1816 2052; x_wconf 90' lang='lat' dir='ltr'>Dudum</span> <span class='ocrx_word' id='word_1_139' title='bbox 1858 2001 2051 2052; x_wconf 85' lang='lat' dir='ltr'>contra</span> <span class='ocrx_word' id='word_1_140' title='bbox 2098 2014 2223 2053; x_wconf 91' lang='lat' dir='ltr'>eum</span> 
     </span>
     <span class='ocr_line' id='line_1_24' title="bbox 370 2086 2223 2161; baseline -0.001 -19"><span class='ocrx_word' id='word_1_141' title='bbox 370 2087 515 2142; x_wconf 89' lang='lat' dir='ltr'>enim</span> <span class='ocrx_word' id='word_1_142' title='bbox 562 2087 789 2141; x_wconf 88' lang='lat' dir='ltr'>maximi</span> <span class='ocrx_word' id='word_1_143' title='bbox 834 2087 1068 2142; x_wconf 90' lang='lat' dir='ltr'>nominis</span> <span class='ocrx_word' id='word_1_144' title='bbox 1116 2091 1172 2142; x_wconf 91' lang='lat' dir='ltr'>et</span> <span class='ocrx_word' id='word_1_145' title='bbox 1202 2086 1486 2142; x_wconf 90' lang='lat' dir='ltr'>doetrinae</span> <span class='ocrx_word' id='word_1_146' title='bbox 1517 2086 1756 2161; x_wconf 86' lang='lat' dir='ltr'>insignis</span> <span class='ocrx_word' id='word_1_147' title='bbox 1805 2086 1908 2140; x_wconf 91' lang='lat' dir='ltr'>viri</span> <span class='ocrx_word' id='word_1_148' title='bbox 1951 2087 2223 2141; x_wconf 90' lang='lat' dir='ltr'>calamum</span> 
     </span>
     <span class='ocr_line' id='line_1_25' title="bbox 371 2172 2224 2251; baseline -0.001 -21"><span class='ocrx_word' id='word_1_149' title='bbox 371 2176 758 2251; x_wconf 67' lang='lat' dir='ltr'>strinxerunt,</span> <span class='ocrx_word' id='word_1_150' title='bbox 793 2175 936 2231; x_wconf 89' lang='lat' dir='ltr'>inter</span> <span class='ocrx_word' id='word_1_151' title='bbox 968 2191 1105 2249; x_wconf 89' lang='lat' dir='ltr'>quos</span> <span class='ocrx_word' id='word_1_152' title='bbox 1138 2174 1209 2230; x_wconf 88' lang='lat' dir='ltr'>cl.</span> <span class='ocrx_word' id='word_1_153' title='bbox 1238 2172 1568 2250; x_wconf 87' lang='lat' dir='ltr'>Alpbonsus</span> <span class='ocrx_word' id='word_1_154' title='bbox 1589 2172 1927 2229; x_wconf 86' lang='lat' dir='ltr'>Mazzarelli</span> <span class='ocrx_word' id='word_1_155' title='bbox 1958 2175 2012 2229; x_wconf 91' lang='lat' dir='ltr'>in</span> <span class='ocrx_word' id='word_1_156' title='bbox 2052 2189 2224 2249; x_wconf 90' lang='lat' dir='ltr'>opere</span> 
     </span>
     <span class='ocr_line' id='line_1_26' title="bbox 370 2260 2226 2338; baseline -0.002 -19"><span class='ocrx_word' id='word_1_157' title='bbox 370 2264 458 2319; x_wconf 90' lang='lat' dir='ltr'>cui</span> <span class='ocrx_word' id='word_1_158' title='bbox 503 2264 727 2319; x_wconf 86' lang='lat' dir='ltr'>titulus:</span> <span class='ocrx_word' id='word_1_159' title='bbox 772 2262 883 2337; x_wconf 80' lang='lat' dir='ltr'>„ll</span> <span class='ocrx_word' id='word_1_160' title='bbox 927 2262 1089 2318; x_wconf 79' lang='lat' dir='ltr'>buon</span> <span class='ocrx_word' id='word_1_161' title='bbox 1133 2281 1244 2318; x_wconf 81' lang='lat' dir='ltr'>uso</span> <span class='ocrx_word' id='word_1_162' title='bbox 1279 2262 1446 2318; x_wconf 84' lang='lat' dir='ltr'>della</span> <span class='ocrx_word' id='word_1_163' title='bbox 1483 2261 1679 2338; x_wconf 74' lang='lat' dir='ltr'>loyica</span> <span class='ocrx_word' id='word_1_164' title='bbox 1724 2260 1794 2316; x_wconf 80' lang='lat' dir='ltr'>in</span> <span class='ocrx_word' id='word_1_165' title='bbox 1839 2260 2115 2317; x_wconf 79' lang='lat' dir='ltr'>mate-ria</span> <span class='ocrx_word' id='word_1_166' title='bbox 2161 2260 2226 2317; x_wconf 79' lang='lat' dir='ltr'>di</span> 
     </span>
     <span class='ocr_line' id='line_1_27' title="bbox 374 2349 2225 2427; baseline -0.001 -21"><span class='ocrx_word' id='word_1_167' title='bbox 374 2349 745 2425; x_wconf 74' lang='lat' dir='ltr'>Reliyionc“</span> <span class='ocrx_word' id='word_1_168' title='bbox 790 2351 904 2407; x_wconf 87' lang='lat' dir='ltr'>vol.</span> <span class='ocrx_word' id='word_1_169' title='bbox 931 2349 1034 2407; x_wconf 87' lang='lat'><em>111.</em></span> <span class='ocrx_word' id='word_1_170' title='bbox 1084 2369 1275 2427; x_wconf 86' lang='lat' dir='ltr'>opusc.</span> <span class='ocrx_word' id='word_1_171' title='bbox 1300 2350 1381 2407; x_wconf 87' lang='lat' dir='ltr'>X.</span> <span class='ocrx_word' id='word_1_172' title='bbox 1431 2355 1488 2407; x_wconf 91' lang='lat' dir='ltr'>et</span> <span class='ocrx_word' id='word_1_173' title='bbox 1533 2352 1604 2407; x_wconf 90' lang='lat' dir='ltr'>cl.</span> <span class='ocrx_word' id='word_1_174' title='bbox 1652 2350 1755 2406; x_wconf 87' lang='lat' dir='ltr'>Dr.</span> <span class='ocrx_word' id='word_1_175' title='bbox 1801 2349 1860 2406; x_wconf 84' lang='lat' dir='ltr'>J.</span> <span class='ocrx_word' id='word_1_176' title='bbox 1898 2349 2225 2427; x_wconf 76' lang='lat' dir='ltr'>Marchetti‚</span> 
     </span>
     <span class='ocr_line' id='line_1_28' title="bbox 371 2439 2226 2515; baseline 0 -21"><span class='ocrx_word' id='word_1_177' title='bbox 371 2441 460 2514; x_wconf 87' lang='lat' dir='ltr'>qui</span> <span class='ocrx_word' id='word_1_178' title='bbox 517 2441 573 2494; x_wconf 90' lang='lat' dir='ltr'>in</span> <span class='ocrx_word' id='word_1_179' title='bbox 633 2455 803 2514; x_wconf 91' lang='lat' dir='ltr'>opere</span> <span class='ocrx_word' id='word_1_180' title='bbox 861 2440 1050 2496; x_wconf 88' lang='lat' dir='ltr'>italico</span> <span class='ocrx_word' id='word_1_181' title='bbox 1111 2440 1372 2497; x_wconf 89' lang='lat' dir='ltr'>idiomate</span> <span class='ocrx_word' id='word_1_182' title='bbox 1431 2441 1744 2515; x_wconf 85' lang='lat' dir='ltr'>conscripto</span> <span class='ocrx_word' id='word_1_183' title='bbox 1807 2443 1863 2494; x_wconf 90' lang='lat' dir='ltr'>et</span> <span class='ocrx_word' id='word_1_184' title='bbox 1921 2439 2226 2495; x_wconf 87' lang='lat' dir='ltr'>secundum</span> 
     </span>
     <span class='ocr_line' id='line_1_29' title="bbox 369 2526 2224 2603; baseline -0.001 -19"><span class='ocrx_word' id='word_1_185' title='bbox 369 2526 491 2584; x_wconf 76' lang='lat'>4‘³¹¹¹</span> <span class='ocrx_word' id='word_1_186' title='bbox 515 2526 812 2585; x_wconf 85' lang='lat' dir='ltr'>editionem</span> <span class='ocrx_word' id='word_1_187' title='bbox 836 2526 1093 2584; x_wconf 88' lang='lat' dir='ltr'>Venetiis</span> <span class='ocrx_word' id='word_1_188' title='bbox 1123 2528 1313 2586; x_wconf 78' lang='lat'>1794.</span> <span class='ocrx_word' id='word_1_189' title='bbox 1361 2530 1415 2583; x_wconf 91' lang='lat' dir='ltr'>in</span> <span class='ocrx_word' id='word_1_190' title='bbox 1446 2529 1701 2603; x_wconf 86' lang='lat' dir='ltr'>linguam</span> <span class='ocrx_word' id='word_1_191' title='bbox 1733 2527 2000 2602; x_wconf 86' lang='lat' dir='ltr'>gallicam</span> <span class='ocrx_word' id='word_1_192' title='bbox 2031 2532 2224 2583; x_wconf 88' lang='lat' dir='ltr'>trans—</span> 
     </span>
     <span class='ocr_line' id='line_1_30' title="bbox 370 2602 2227 2692; baseline -0.001 -22"><span class='ocrx_word' id='word_1_193' title='bbox 370 2616 505 2692; x_wconf 81' lang='lat' dir='ltr'>lato,</span> <span class='ocrx_word' id='word_1_194' title='bbox 554 2617 643 2670; x_wconf 88' lang='lat' dir='ltr'>cui</span> <span class='ocrx_word' id='word_1_195' title='bbox 673 2616 899 2672; x_wconf 82' lang='lat' dir='ltr'>titulus:</span> <span class='ocrx_word' id='word_1_196' title='bbox 953 2602 1237 2690; x_wconf 67' lang='lat' dir='ltr'>Oritique</span> <span class='ocrx_word' id='word_1_197' title='bbox 1268 2617 1344 2671; x_wconf 83' lang='lat' dir='ltr'>de</span> <span class='ocrx_word' id='word_1_198' title='bbox 1371 2608 1734 2671; x_wconf 81' lang='lat' dir='ltr'>L’Histoirc</span> <span class='ocrx_word' id='word_1_199' title='bbox 1765 2612 2227 2689; x_wconf 68' lang='lat' dir='ltr'>ecelesiastique</span> 
     </span>
     <span class='ocr_line' id='line_1_31' title="bbox 372 2702 2223 2780; baseline 0.001 -22"><span class='ocrx_word' id='word_1_200' title='bbox 372 2704 448 2758; x_wconf 79' lang='lat' dir='ltr'>de</span> <span class='ocrx_word' id='word_1_201' title='bbox 499 2702 735 2759; x_wconf 76' lang='lat' dir='ltr'>Claude</span> <span class='ocrx_word' id='word_1_202' title='bbox 769 2703 1025 2780; x_wconf 69' lang='lat' dir='ltr'>Flmry,</span> <span class='ocrx_word' id='word_1_203' title='bbox 1071 2702 1589 2776; x_wconf 71' lang='lat' dir='ltr'>Besancon1829.</span> <span class='ocrx_word' id='word_1_204' title='bbox 1637 2704 1751 2760; x_wconf 88' lang='lat' dir='ltr'>vol.</span> <span class='ocrx_word' id='word_1_205' title='bbox 1777 2702 1852 2759; x_wconf 85' lang='grc' dir='ltr'>Π.</span> <span class='ocrx_word' id='word_1_206' title='bbox 1896 2703 2064 2775; x_wconf 89' lang='lat' dir='ltr'>hujus</span> <span class='ocrx_word' id='word_1_207' title='bbox 2112 2722 2223 2760; x_wconf 89' lang='lat' dir='ltr'>au-</span> 
     </span>
     <span class='ocr_line' id='line_1_32' title="bbox 370 2791 2227 2871; baseline 0.001 -24"><span class='ocrx_word' id='word_1_208' title='bbox 370 2793 802 2869; x_wconf 12' lang='lat' dir='ltr'>torislerrores⁷</span> <span class='ocrx_word' id='word_1_209' title='bbox 850 2791 1078 2848; x_wconf 86' lang='lat' dir='ltr'>fraudes</span> <span class='ocrx_word' id='word_1_210' title='bbox 1115 2795 1290 2871; x_wconf 60' lang='lat' dir='ltr'>‘atque</span> <span class='ocrx_word' id='word_1_211' title='bbox 1337 2792 1592 2848; x_wconf 86' lang='lat' dir='ltr'>fallacias</span> <span class='ocrx_word' id='word_1_212' title='bbox 1640 2791 1838 2848; x_wconf 88' lang='lat' dir='ltr'>sedulo</span> <span class='ocrx_word' id='word_1_213' title='bbox 1886 2791 2122 2868; x_wconf 72' lang='lat' dir='ltr'>detexit,</span> <span class='ocrx_word' id='word_1_214' title='bbox 2171 2798 2227 2848; x_wconf 89' lang='lat' dir='ltr'>et</span> 
     </span>
     <span class='ocr_line' id='line_1_33' title="bbox 361 2879 2228 2957; baseline 0 -21"><span class='ocrx_word' id='word_1_215' title='bbox 361 2885 495 2953; x_wconf 72' lang='lat' dir='ltr'>Jure</span> <span class='ocrx_word' id='word_1_216' title='bbox 543 2882 746 2955; x_wconf 92' lang='lat' dir='ltr'>optimo</span> <span class='ocrx_word' id='word_1_217' title='bbox 793 2883 848 2936; x_wconf 91' lang='lat' dir='ltr'>in</span> <span class='ocrx_word' id='word_1_218' title='bbox 893 2881 1232 2938; x_wconf 88' lang='lat' dir='ltr'>malevolum</span> <span class='ocrx_word' id='word_1_219' title='bbox 1278 2882 1417 2957; x_wconf 89' lang='lat' dir='ltr'>opus</span> <span class='ocrx_word' id='word_1_220' title='bbox 1466 2879 1855 2937; x_wconf 86' lang='lat' dir='ltr'>animadvertit</span> <span class='ocrx_word' id='word_1_221' title='bbox 1869 2900 1886 2954; x_wconf 82' lang='lat'><em>3</em></span> <span class='ocrx_word' id='word_1_222' title='bbox 1935 2880 2005 2936; x_wconf 89' lang='lat' dir='ltr'>de</span> <span class='ocrx_word' id='word_1_223' title='bbox 2037 2898 2144 2954; x_wconf 90' lang='lat' dir='ltr'>quo</span> <span class='ocrx_word' id='word_1_224' title='bbox 2172 2886 2228 2936; x_wconf 91' lang='lat' dir='ltr'>et</span> 
     </span>
     <span class='ocr_line' id='line_1_34' title="bbox 369 2966 2224 3046; baseline 0.001 -23"><span class='ocrx_word' id='word_1_225' title='bbox 369 2967 456 3024; x_wconf 88' lang='lat' dir='ltr'>M.</span> <span class='ocrx_word' id='word_1_226' title='bbox 506 2966 740 3026; x_wconf 81' lang='lat' dir='ltr'>Stevart</span> <span class='ocrx_word' id='word_1_227' title='bbox 785 2986 1026 3046; x_wconf 84' lang='lat' dir='ltr'>gravem</span> <span class='ocrx_word' id='word_1_228' title='bbox 1070 2986 1366 3025; x_wconf 90' lang='lat' dir='ltr'>censuram</span> <span class='ocrx_word' id='word_1_229' title='bbox 1410 2970 1500 3025; x_wconf 89' lang='lat' dir='ltr'>hic</span> <span class='ocrx_word' id='word_1_230' title='bbox 1548 2968 1727 3026; x_wconf 80' lang='lat' dir='ltr'>addo:</span> <span class='ocrx_word' id='word_1_231' title='bbox 1795 2967 2058 3045; x_wconf 82' lang='lat' dir='ltr'>„Viginti</span> <span class='ocrx_word' id='word_1_232' title='bbox 2104 2969 2224 3044; x_wconf 78' lang='lat' dir='ltr'>illa,</span> 
     </span>
     <span class='ocr_line' id='line_1_35' title="bbox 361 3054 2223 3132; baseline -0.001 -20"><span class='ocrx_word' id='word_1_233' title='bbox 361 3059 564 3132; x_wconf 76' lang='lat' dir='ltr'>inquit,</span> <span class='ocrx_word' id='word_1_234' title='bbox 612 3058 896 3113; x_wconf 87' lang='lat' dir='ltr'>volumina</span> <span class='ocrx_word' id='word_1_235' title='bbox 938 3056 1226 3114; x_wconf 91' lang='lat' dir='ltr'>Historiae</span> <span class='ocrx_word' id='word_1_236' title='bbox 1274 3063 1470 3115; x_wconf 90' lang='lat' dir='ltr'>autore</span> <span class='ocrx_word' id='word_1_237' title='bbox 1507 3054 1746 3114; x_wconf 83' lang='lat' dir='ltr'>Claudio</span> <span class='ocrx_word' id='word_1_238' title='bbox 1777 3056 2021 3129; x_wconf 79' lang='lat' dir='ltr'>Fleury,</span> <span class='ocrx_word' id='word_1_239' title='bbox 2059 3056 2223 3128; x_wconf 90' lang='lat' dir='ltr'>judi-</span> 
     </span>
     <span class='ocr_line' id='line_1_36' title="bbox 372 3146 2224 3223; baseline -0.001 -22"><span class='ocrx_word' id='word_1_240' title='bbox 372 3147 457 3202; x_wconf 87' lang='lat' dir='ltr'>cio</span> <span class='ocrx_word' id='word_1_241' title='bbox 516 3147 756 3202; x_wconf 90' lang='lat' dir='ltr'>omnium</span> <span class='ocrx_word' id='word_1_242' title='bbox 816 3146 1251 3203; x_wconf 87' lang='lat' dir='ltr'>orthodoxorum</span> <span class='ocrx_word' id='word_1_243' title='bbox 1299 3146 1758 3223; x_wconf 76' lang='lat' dir='ltr'>Theologorum‚</span> <span class='ocrx_word' id='word_1_244' title='bbox 1828 3146 2224 3200; x_wconf 86' lang='lat' dir='ltr'>annumerandi</span> 
     </span>
     <span class='ocr_line' id='line_1_37' title="bbox 372 3233 2223 3311; baseline -0.001 -23"><span class='ocrx_word' id='word_1_245' title='bbox 372 3238 499 3289; x_wconf 89' lang='lat' dir='ltr'>sunt</span> <span class='ocrx_word' id='word_1_246' title='bbox 543 3234 706 3290; x_wconf 92' lang='lat' dir='ltr'>malis</span> <span class='ocrx_word' id='word_1_247' title='bbox 755 3239 811 3291; x_wconf 90' lang='lat' dir='ltr'>et</span> <span class='ocrx_word' id='word_1_248' title='bbox 848 3237 1178 3311; x_wconf 89' lang='lat' dir='ltr'>perniciosis</span> <span class='ocrx_word' id='word_1_249' title='bbox 1209 3236 1392 3309; x_wconf 81' lang='lat' dir='ltr'>libris3</span> <span class='ocrx_word' id='word_1_250' title='bbox 1440 3235 1720 3290; x_wconf 89' lang='lat' dir='ltr'>continent</span> <span class='ocrx_word' id='word_1_251' title='bbox 1751 3233 1896 3288; x_wconf 89' lang='lat' dir='ltr'>enim</span> <span class='ocrx_word' id='word_1_252' title='bbox 1926 3233 2223 3303; x_wconf 88' lang='lat' dir='ltr'>injuriosas</span> 
     </span>
     <span class='ocr_line' id='line_1_38' title="bbox 372 3321 2224 3397; baseline 0.001 -22"><span class='ocrx_word' id='word_1_253' title='bbox 372 3321 785 3395; x_wconf 75' lang='lat' dir='ltr'>blasphemiaS,</span> <span class='ocrx_word' id='word_1_254' title='bbox 855 3342 994 3397; x_wconf 87' lang='lat' dir='ltr'>quas</span> <span class='ocrx_word' id='word_1_255' title='bbox 1039 3324 1310 3380; x_wconf 85' lang='lat' dir='ltr'>haeretici</span> <span class='ocrx_word' id='word_1_256' title='bbox 1365 3324 1608 3378; x_wconf 85' lang='lat' dir='ltr'>maxime</span> <span class='ocrx_word' id='word_1_257' title='bbox 1664 3321 1859 3377; x_wconf 86' lang='lat' dir='ltr'>furiosi</span> <span class='ocrx_word' id='word_1_258' title='bbox 1905 3325 2224 3378; x_wconf 86' lang='lat' dir='ltr'>eructarunt</span> 
     </span>
     <span class='ocr_line' id='line_1_39' title="bbox 374 3407 2222 3489; baseline 0.001 -26"><span class='ocrx_word' id='word_1_259' title='bbox 374 3412 568 3464; x_wconf 87' lang='lat' dir='ltr'>contra</span> <span class='ocrx_word' id='word_1_260' title='bbox 611 3409 928 3467; x_wconf 83' lang='lat' dir='ltr'>Ecclesiam</span> <span class='ocrx_word' id='word_1_261' title='bbox 974 3411 1332 3489; x_wconf 69' lang='lat' dir='ltr'>Romanam,</span> <span class='ocrx_word' id='word_1_262' title='bbox 1381 3415 1629 3467; x_wconf 87' lang='lat' dir='ltr'>sanctam</span> <span class='ocrx_word' id='word_1_263' title='bbox 1676 3407 1888 3466; x_wconf 86' lang='lat' dir='ltr'>Sedcm</span> <span class='ocrx_word' id='word_1_264' title='bbox 1925 3408 2222 3484; x_wconf 88' lang='lat' dir='ltr'>Apostoli—</span> 
     </span>
     <span class='ocr_line' id='line_1_40' title="bbox 375 3496 2222 3573; baseline 0.001 -22"><span class='ocrx_word' id='word_1_265' title='bbox 375 3514 495 3551; x_wconf 89' lang='lat' dir='ltr'>cam</span> <span class='ocrx_word' id='word_1_266' title='bbox 543 3501 598 3552; x_wconf 90' lang='lat' dir='ltr'>et</span> <span class='ocrx_word' id='word_1_267' title='bbox 643 3499 845 3554; x_wconf 90' lang='lat' dir='ltr'>multos</span> <span class='ocrx_word' id='word_1_268' title='bbox 875 3497 1166 3555; x_wconf 79' lang='lat' dir='ltr'>Romanos</span> <span class='ocrx_word' id='word_1_269' title='bbox 1198 3497 1532 3569; x_wconf 82' lang='lat' dir='ltr'>Pontifices3</span> <span class='ocrx_word' id='word_1_270' title='bbox 1579 3498 1702 3554; x_wconf 89' lang='lat' dir='ltr'>libri</span> <span class='ocrx_word' id='word_1_271' title='bbox 1741 3502 1890 3573; x_wconf 73' lang='lat' dir='ltr'>sunt,</span> <span class='ocrx_word' id='word_1_272' title='bbox 1939 3499 2027 3571; x_wconf 85' lang='lat' dir='ltr'>qui</span> <span class='ocrx_word' id='word_1_273' title='bbox 2076 3496 2222 3553; x_wconf 86' lang='lat' dir='ltr'>fide-</span> 
     </span>
    </p>
   </div>
  </div>
 </body>
</html>
