2326 3854
1017 127 1634 187 *58*

399 289 708 344 coactionem
747 302 797 347 et
832 292 1092 365 imperium
1130 293 1371 346 excludit.
1447 290 1591 361 Quae
1627 313 1752 349 vero
1791 297 2034 366 ejusmodi
2070 316 2249 370 appro-

397 377 603 434 batione
642 389 694 432 et
731 398 984 435 consensu
1032 389 1210 434 carent
1247 379 1480 448 decreta,
1530 391 1583 436 et
1627 383 1689 436 ob
1729 383 1971 454 ejusmodi
2005 385 2249 440 defectum

396 467 651 536 generalis
688 466 885 522 concilii
921 466 1020 520 vim
1060 484 1162 520 non
1200 467 1403 534 habent,
1442 470 1686 539 quomodo
1724 469 1954 542 obligare
1992 480 2044 528 et
2067 473 2251 543 cogere

397 553 594 625 possint
641 553 864 626 Papam,
914 571 1060 623 quem
1109 554 1204 608 soli
1241 555 1471 627 generali
1505 557 1716 613 concilio
1755 558 2041 629 subjectum.
2071 559 2249 614 adver-

397 641 520 694 sarii
545 640 864 706 existimant,
902 659 1050 697 nemo
1089 641 1420 698 cohaerenter
1445 643 1755 701 ratiocinans
1780 646 2044 718 intelliget.
2092 645 2252 700 Num-

397 728 513 797 quid
569 728 700 781 enim
756 729 1012 799 generalis
1070 731 1270 785 concilii
1330 732 1537 787 decreta
1587 743 1705 788 sunt
1761 742 1813 787 et
1868 732 1964 786 dici
2019 744 2250 805 possunt,

396 833 524 885 quae
582 815 644 867 ob
711 834 824 869 eum
873 816 1121 872 defectum
1171 821 1429 889 generalis
1481 817 1698 874 Concilii
1743 820 1795 874 vi
1846 830 1898 875 et
1947 821 2251 891 auctoritate

394 902 695 975 privantur?
1351 972 1356 975 ,
1418 956 1422 961 .

539 991 593 1047 6.
671 989 774 1045 Sed
811 991 928 1062 quid
967 993 1219 1047 morosius
1256 993 1310 1047 in
1350 993 1426 1048 bis
1465 994 1725 1059 distineor,
1766 994 1809 1047 si
1834 994 1936 1049 vim
1975 995 2251 1050 coactivam

395 1079 448 1132 in
485 1077 679 1151 Papam
716 1078 1000 1151 hujusmodi
1037 1080 1255 1135 decretis
1291 1081 1462 1136 inesse
1500 1100 1647 1135 nemo
1685 1081 1936 1147 suaserit,
1975 1082 2075 1136 nisi
2112 1081 2251 1154 prius

395 1168 656 1232 ostendat,
718 1164 907 1220 Patres
958 1165 1203 1235 Concilii‚
1265 1188 1376 1223 cum
1420 1169 1613 1241 aliquid
1661 1179 1890 1223 statuunt
1935 1169 1989 1222 in
2034 1169 2251 1229 materia

394 1254 703 1327 disciplinae,
741 1273 845 1307 non
882 1255 1198 1311 assentiente
1236 1257 1316 1312 vel
1354 1256 1503 1328 etiam
1531 1257 1863 1313 dissentiente
1890 1275 2081 1311 summo
2109 1256 2250 1312 Pon-

394 1335 554 1412 tifice,
601 1342 719 1395 licet
763 1360 854 1414 per
894 1360 1009 1396 sese
1046 1343 1318 1399 inferiores
1370 1343 1473 1398 sint
1519 1345 1629 1418 ipso
1677 1363 1910 1419 supremo
1949 1343 2249 1410 Hierarcha,

388 1431 473 1501 jus
524 1437 697 1484 tamen
737 1429 796 1501 ‘in
846 1431 1058 1484 eundem
1106 1430 1418 1504 superiorem
1468 1450 1613 1487 suum
1660 1433 1878 1499 habere,
1928 1432 2059 1503 quod
2103 1433 2252 1505 plane

395 1527 674 1589 repugnate
719 1535 867 1571 nemo
905 1518 1040 1572 enim
1078 1518 1180 1572 nisi
1216 1520 1450 1591 superior
1486 1519 1541 1574 in
1577 1520 1864 1586 inferioreS,
1904 1520 2095 1590 sibique
2134 1521 2246 1574 sub-

387 1607 555 1677 jectos
583 1608 672 1677 jus
710 1604 988 1660 coactivum
1029 1606 1215 1661 habere
1240 1616 1329 1659 aut
1364 1623 1613 1661 exercere
1648 1616 1834 1679 potest.
1881 1593 2057 1661 'Hanc
2093 1607 2252 1680 potis-

394 1692 574 1744 simam
613 1691 890 1761 rationem‚
944 1702 996 1746 et
1041 1713 1076 1746 a
1109 1696 1295 1763 priori
1343 1692 1432 1765 (ut
1469 1694 1674 1760 scholae
1710 1694 1989 1767 appellant)
2029 1695 2129 1748 nisi
2165 1696 2251 1749 ad-

393 1779 612 1835 versarii
649 1793 809 1851 aequa
847 1780 1180 1852 responsione
1218 1774 1438 1847 solvant,
1475 1780 1617 1836 inani
1656 1791 1839 1838 conatu
1877 1772 2193 1848 laborabunt.

1230 1957 1275 2026 ἓ.
1326 1956 1412 2010 111.
1569 1949 1620 1969 ‘

397 2062 459 2102 De
482 2060 583 2111 jure
614 2062 770 2103 summi
801 2059 1026 2111 Pontificis
1054 2062 1103 2103 in
1135 2073 1281 2102 omnes
1310 2060 1556 2114 Episcopus
1587 2062 1718 2102 etiam
1749 2063 1947 2104 colbectos
1976 2064 2025 2104 in
2055 2066 2251 2115 generali

392 2123 572 2176 synodo,
605 2136 656 2164 ex
687 2135 771 2176 quo
804 2122 1003 2166 omnibus
1032 2122 1258 2175 superior,
1291 2118 1602 2165 conciliaribt'ts
1632 2123 1830 2174 ipsorum
1863 2123 2045 2165 decretis
2075 2126 2130 2165 in-
2158 2139 2249 2166 ma-

395 2184 505 2225 teria
537 2184 799 2235 disciplinae
830 2180 923 2231 ejus
953 2183 1270 2235 approbatione
1293 2183 1541 2230 carentibus
1572 2183 1789 2233 coginon
1810 2186 1966 2234 potest.
2016 2185 2248 2227 Distinetio

392 2244 508 2286 inter
538 2243 786 2297 Episcopus
807 2243 1095 2290 distributive,
1129 2246 1208 2284 aut
1228 2243 1446 2284 collective
1475 2245 1674 2295 sumptos
1694 2244 1746 2283 ab
1769 2243 2038 2286 adversariis
2065 2246 2249 2297 ingesta,

697 2316 828 2358 quam
857 2304 919 2344 sit
948 2304 1120 2354 inanis,
1153 2306 1196 2344 et
1224 2304 1393 2345 rationi
1423 2304 1642 2355 primatus
1671 2314 1942 2356 repugnans.

541 2406 591 2458 7.
671 2403 806 2460 Vide
854 2414 1055 2473 autem,
1108 2404 1223 2475 quid
1272 2404 1342 2457 illi
1392 2404 1765 2476 excogitarint,
1811 2415 1869 2457 'ut
1919 2416 2247 2459 memoratum

392 2492 793 2547 efficacissimum
830 2501 1195 2563 'argumentum
1244 2493 1464 2545 cludant.
1549 2490 1768 2557 Dicunt,
1819 2478 2010 2546 nemini
2044 2493 2248 2564 quidem

390 2577 756 2651 Episcoporum
795 2588 846 2632 et
883 2578 1098 2632 Patrum
1136 2575 1382 2646 Concilii,
1435 2578 1479 2630 si
1512 2579 1794 2651 separatim
1833 2597 1893 2633 ac
1931 2578 2249 2635 distributive

392 2665 811 2732 considerentur,
856 2667 942 2737 jus
983 2665 1267 2721 coactivum
1318 2674 1605 2737 competere
1653 2665 1708 2717 in
1745 2663 1970 2737 Papam,
2019 2665 2104 2735 qui
2142 2666 2247 2721 sin-

391 2754 521 2826 gulis
560 2753 793 2826 superior
831 2761 940 2820 est3
984 2753 1078 2807 sed
1117 2753 1265 2806 aliter
1304 2752 1620 2806 sentiendum
1670 2752 1730 2806 de
1770 2752 1998 2805 omnibus
2037 2754 2248 2827 sumptis

392 2840 652 2896 collective
674 2846 743 2895 et
780 2840 1013 2896 adunatis
1049 2840 1103 2893 in
1140 2841 1368 2912 generali
1396 2838 1644 2895 Concilio.
1694 2838 1865 2895 Velim
1905 2840 2246 2907 adversarios,

391 2929 477 2999 qui
513 2929 813 3000 antiquitate
859 2929 1170 3000 gloriantur,
1221 2928 1351 3002 hanc
1401 2927 1770 2982 distinctionem
1823 2927 1988 2999 aliquo
2040 2927 2246 2998 antiquo

391 3026 541 3071 textu
580 3018 815 3088 probare.
893 3015 1062 3072 Vetus
1102 3026 1240 3071 certe
1278 3014 1540 3071 Ecclesiae
1588 3014 1792 3070 traditio
1840 3014 2099 3069 contraria
2147 3025 2243 3069 est.

392 3104 640 3158 Romanis
679 3105 811 3158 enim
848 3103 1182 3157 Pontificibus
1211 3105 1295 3175 jus
1335 3104 1629 3158 attributum
1656 3100 1750 3154 fuit
1787 3102 1850 3154 ab
1889 3101 2108 3172 antiquis
2144 3120 2245 3155 non

391 3193 536 3247 modo
574 3193 628 3246 in
667 3192 892 3264 singulos
931 3191 1214 3265 Episcopos
1252 3190 1570 3247 distributive
1606 3183 1848 3262 sumptoS‚
1885 3207 2060 3245 verum
2094 3189 2247 3243 etiam

391 3280 654 3336 collective
704 3280 755 3333 in
806 3297 983 3333 omnes
1034 3290 1086 3333 et
1135 3279 1470 3335 universalem
1521 3276 1822 3332 Ecclesiam.
1909 3274 2053 3329 Sicut
2113 3275 2244 3329 enim

393 3367 586 3438 antiqui
611 3367 798 3441 passim
826 3367 1097 3441 affirmant,
1124 3365 1178 3421 S.
1206 3360 1416 3420 Petrum
1454 3364 1611 3429 'fuisse
1649 3361 1988 3435 praepositum
2007 3361 2243 3434 omnibus

374 3454 656 3526 ‚Apostolis
693 3453 886 3525 totique
923 3451 1188 3508 *Ecclesiae
1226 3453 1531 3518 catholicae3
1570 3450 1642 3503 ita
1679 3460 1730 3504 et
1767 3450 1827 3503 de
1866 3447 2243 3503 successoribus
