2326 3854
934 137 1328 194 ——208
1421 171 1597 180 --—

342 323 470 376 quae
494 305 538 378 ¹)
603 307 761 358 multo
814 306 978 359 minus
1022 306 1426 377 jurisdictionem
1478 308 1666 361 habent
1724 307 1776 360 in
1825 305 2049 379 Papam,
2101 328 2193 363 nec

342 393 558 446 condere
616 403 827 466 possent
890 393 1123 459 decreta,
1182 393 1361 464 quibus
1422 404 1600 455 contra
1650 393 1969 447 Pontificium
2011 397 2096 466 jus
2145 407 2195 451 et

341 479 629 533 diuturnam
666 478 1041 551 possessionem
1081 480 1338 551 antiquum
1368 483 1454 553 jus
1510 501 1599 535 seu
1635 480 2006 554 Episcopalium
2044 483 2195 536 facul-

340 577 495 621 tatem
533 585 653 619 usus
692 584 751 619 ae
789 566 1090 620 exercitium
1128 569 1513 634 restitueretur,
1564 569 1660 622 nisi
1698 567 1845 641 Papa
1882 569 2195 624 assentiente

341 673 432 710 seu
481 653 812 707 confirmante
861 653 1148 707 ederentur.
1241 653 1371 723 Quis
1416 675 1540 711 vero
1598 657 1647 709 id
1687 665 1867 728 *speret
1918 656 2194 709 faciendum

340 760 410 793 ex
450 749 747 813 systemate,
788 741 919 811 quod
954 741 1300 814 Apostolicam
1338 743 1770 797 confirmationem
1809 753 1897 797 aut
1934 761 2196 805 assensum

338 828 419 881 vel
482 827 793 898 generalium
858 830 1166 901 synodorum
1222 831 1435 884 decretis
1497 830 1841 884 necessarium
1905 830 2193 885 inficiatur?

341 912 488 982 Quod
524 933 677 986 porro
729 915 823 968 hac
873 917 1141 970 occasione
1197 918 1374 970 statuit
1411 916 1722 982 FebroniuS,
1769 935 1921 988 posse
1970 918 2025 971 in
2064 919 2195 989 ejus-

340 1002 470 1055 modi
510 1001 720 1073 synodis
759 1002 1097 1062 nationalibus
1137 1004 1373 1058 subtrahi
1406 1004 1760 1069 obedientiam,
1800 1022 1946 1074 quam
1983 1005 2194 1076 injurio-

340 1108 450 1142 sum
501 1090 612 1142 est?
689 1087 1000 1143 Subtrahere
1049 1091 1182 1145 enim
1233 1092 1566 1146 obedientiam
1617 1110 1647 1144 a
1695 1088 1903 1147 Summo
1947 1089 2195 1145 Pontifice

340 1196 509 1230 nonne
561 1186 640 1230 est
675 1177 1160 1241 ,subordinationem
1211 1179 1360 1252 capiti
1421 1179 1639 1235 debitam
1691 1179 1902 1231 tollere?
1975 1176 2035 1230 In
2074 1196 2196 1231 casu

340 1263 627 1318 schismatis
676 1264 1095 1336 pertinacissimi,
1154 1284 1251 1336 quo
1299 1266 1396 1335 duo
1446 1268 1525 1321 vel
1570 1267 1739 1338 plures
1795 1283 1910 1319 sese
1955 1274 2196 1337 gererent

338 1362 578 1422 tanquam
600 1349 947 1417 «Pontifices,
1005 1353 1084 1408 vad
1156 1353 1452 1406 abolendum
1525 1353 1743 1407 schisma
1803 1352 2015 1406 medium
2078 1352 2194 1404 sub-

338 1437 605 1492 tractionis
643 1438 958 1492 obedientiae
996 1438 1185 1492 licitum
1234 1439 1371 1493 credi
1419 1440 1583 1512 potuit
1638 1441 1700 1493 ab
1746 1437 1839 1505 iis,
1887 1440 1971 1509 qui
2007 1439 2192 1492 nullum

340 1544 412 1578 ex
449 1525 863 1598 competitoribus
900 1511 1076 1580 verum
1115 1536 1408 1597 certumque
1446 1525 1747 1580 Pontificem
1787 1526 2078 1579 credebant.
2141 1525 2193 1589 A

339 1631 464 1667 vero
514 1623 682 1667 autem
733 1622 973 1683 certoque
1021 1612 1272 1668 Pontifice
1320 1614 1655 1668 obedientiam
1703 1612 2033 1678 subtrahere,
2082 1612 2195 1683 quis

339 1718 557 1770 unquam
610 1700 801 1754 licitum
861 1700 1062 1754 docuit?
1138 1701 1196 1755 In
1252 1702 1465 1756 concilio
1515 1700 1802 1756 Viennensi
1861 1699 1984 1754 anni
2033 1699 2191 1753 1113.

341 1805 451 1841 cum
501 1788 560 1840 de
606 1788 837 1842 tollendo
887 1789 1615 1861 privilegio»*investiturarum
1664 1806 1755 1860 per
1802 1787 1906 1842 vim
1964 1796 2193 1853 extorto,

341 1876 471 1945 quod
533 1894 771 1947 magnum
832 1876 885 1928 in
946 1875 1182 1931 Ecclesia
1245 1877 1533 1931 scandalum
1557 1885 1902 1947 pepererat,
1957 1873 2195 1947 Episcopi

341 1962 518 2016 minati
563 1972 682 2036 sunt
721 1961 962 2017 Paschali
998 1961 1062 2034 Π.
1115 1983 1172 2018 se
1202 1966 1474 2036 repulsum
1520 1962 1586 2015 iri
1632 1963 1694 2015 ab
1734 1962 2066 2028 obedientia,
2097 1961 2193 2014 nisi

341 2050 665 2103 confirmaret
712 2051 945 2117 decreta,
994 2051 1171 2122 quibus
1209 2051 1523 2123 privilegium
1571 2059 1830 2118 extortum
1874 2048 2070 2101 irritum
2110 2048 2194 2110 deff

341 2138 684 2191 claraverant.
759 2136 873 2191 Hae
911 2139 1058 2192 solae·
1090 2138 1257 2191 minae
1295 2138 1522 2202 fuerunt,
1560 2146 1617 2189 ut
1653 2135 1892 2202 arbitror,
1931 2153 2034 2188 non
2069 2153 2193 2190 vero

342 2234 536 2278 certum
594 2225 974 2295 absolutumque
1030 2225 1308 2279 consilium.
1410 2221 1585 2276 Nihilo
1647 2233 1830 2276 tamen·
1872 2223 2052 2275 minus
2105 2221 2194 2286 lvo

340 2310 624 2383 Episcopus
688 2309 1026 2366 Carnotensis
1087 2312 1136 2366 id
1192 2313 1410 2385 probare
1465 2328 1568 2364 non
1623 2309 1812 2382 potuit,
1881 2319 1932 2370 et
1983 2308 2195 2363 -Na-talis

341 2399 644 2452 Alexander
692 2398 946 2471 (Dissert.
995 2399 1050 2452 4.
1104 2400 1159 2453 in
1195 2418 1332 2465 saec.
1370 2397 1493 2452 XII.
1533 2407 1630 2451 art.
1677 2396 1796 2470 12.)
1843 2395 2047 2452 Ivonem
2075 2396 2195 2460 lau-

341 2488 499 2553 danS,
552 2489 664 2559 ejus
721 2486 904 2558 synodi
953 2485 1235 2559 Episcopos
1283 2490 1354 2539 ‘in
1413 2506 1486 2540 eo.
1517 2504 1777 2555 peccasse
1833 2503 1935 2539 non
1982 2484 2195 2550 dubitat,

341 2577 491 2645 quod
545 2575 795 2627 Romano
838 2575 1123 2644 ,Pontifici
1180 2578 1369 2627 minas,
1417 2576 1764 2639 intentarunt,
1814 2593 1886 2626 -se
1954 2574 2022 2626 ab
2063 2577 2194 2644 ejus

348 2659 844 2713 OBEDIENTIA
879 2680 1217 2722 recessuros,
1253 2664 1361 2714 m‘si
1396 2667 1597 2713 statuta
1619 2663 2006 2730 confirmaret.-
2045 2661 2197 2730 quod

335 2752 558 2818 pessimi
594 2767 723 2818 sane
763 2750 1003 2818 exempli
1038 2755 1131 2802 est.
1409 2751 1411 2754 ⁴
1610 2775 1614 2777 -
1766 2798 1767 2801 ,

488 2837 539 2892 7.
616 2834 1110 2889 perniciosissimum
1163 2834 1382 2887 omnium
1432 2843 1512 2888 est
1559 2833 1678 2900 illud
1736 2832 2035 2901 remedium,
2097 2849 2195 2903 quo

341 2924 696 2980 resistentibus
735 2922 1027 2977 auctoritati
1064 2921 1364 2984 Pontificiae
1401 2921 1453 2974 in
1491 2919 2195 2992 restitutionemdisciplinae

341 3013 579 3083 antiquae
636 3011 814 3083 suadet
867 3009 912 3064 F
917 3010 1155 3065 ebronius
1211 3008 1342 3062 haud
1401 3026 1518 3062 esse
1582 3008 1874 3068 metuendas
1917 3023 2192 3071 censura&

342 3099 519 3171 quibus
556 3099 644 3152 illa
691 3117 835 3152 suam
870 3098 1244 3171 possessionem
1292 3095 1424 3149 tueri
1462 3095 1630 3162 vellet,
1706 3093 1818 3148 Hac
1852 3094 1914 3147 de
1952 3101 2193 3146 reantu-

472 3343 506 3396 1)
539 3347 705 3387 Nullum
737 3343 902 3387 scilicet
935 3342 1155 3385 concilium
1187 3341 1442 3393 particulare
1466 3342 1535 3392 jus
1566 3318 1719 3393 haben-'e
1764 3339 1806 3379 in
1839 3340 1995 3392 Papam
2027 3337 2190 3395 ratione

344 3407 542 3456 primatus
594 3419 644 3445 ex
689 3406 883 3447 doctrina
926 3402 1295 3445 Constantinensis
1340 3400 1510 3453 synodi⁴
1543 3399 1641 3438 alibi
1685 3399 1903 3450 probatum
1947 3402 2024 3440 est.
2090 3392 2192 3438 Vide

343 3466 518 3516 praefat.
550 3468 592 3505 in
626 3467 696 3505 tib.
733 3466 979 3517 Despotast.
1018 3463 1177 3504 Eccles.
