2326 3854
871 174 1048 183 ——-
1138 141 1268 198 220
1386 176 1531 184 -——-

278 308 444 363 minas
499 309 552 363 in
605 309 883 364 Africanos
937 308 1251 376 intenderat,
1320 310 1420 364 nisi
1475 329 1529 364 a-
1561 311 1817 365 sententia
1869 312 1932 367 dc
1981 315 2127 369 irrito

279 396 648 451 haereticorum
684 396 961 469 baptismo,
1011 414 1138 466 quae
1174 415 1232 450 re
1280 396 1394 469 ipsa
1442 398 1572 451 falsa
1618 408 1762 464 erat,
1802 400 2126 470 recederent3

278 501 390 537 cum
427 493 597 538 tamen
635 484 758 537 haec
794 482 953 538 verba
989 500 1093 535 non
1139 484 1202 537 ad
1238 481 1581 557 Stephanum,
1629 485 1720 539 sed
1756 485 1819 539 ad
1854 485 2130 543 Africanos

278 573 391 644 ejus
426 570 626 626 concilii
661 567 945 642 Episcopus
983 569 1176 624 directa
1199 571 1406 637 fuerint,
1443 590 1654 643 quorum
1693 590 1841 627 nemo
1879 592 1951 627 ex
1986 574 2132 629 insti-

278 658 473 711 tutione
512 655 709 711 Christi
744 656 831 710 alii
867 666 980 711 erat
1017 658 1280 731 superior3
1319 677 1467 712 nemo
1505 677 1562 712 se
1586 655 1893 733 Episcopum
1918 659 2131 735 Episco-

275 763 452 818 porum
491 745 699 799 credere
736 754 968 817 poterat,
1024 745 1104 800 cui
1153 746 1345 800 scilicet
1375 749 1461 819 jus
1498 745 1552 799 in
1601 746 1752 800 alium
1799 758 2128 821 competeret.

278 829 407 886 Cum
462 849 587 886 vero
635 830 767 885 idem
813 830 872 885 S.
915 830 1206 907 Cyprianus
1257 831 1482 887 Romani
1527 831 1792 889 Pontificis
1846 835 2131 908 primatum,

277 936 392 984 seu,
438 927 496 971 ut
538 915 828 972 Febronius
872 919 1071 974 ibidem·
1100 930 1284 987 vocat,
1348 923 1722 991 principatum
1776 925 1832 975 in
1879 927 2131 978 universa

276 1008 528 1062 Ecclesia
565 1016 900 1080 agnosceret,
949 1015 1001 1061 et
1049 1007 1384 1080 principatum
1439 1008 1639 1078 quidem
1686 1028 1758 1062 ex
1802 1013 2131 1064 institutione

283 1094 512 1156 Christi,
559 1104 615 1148 ut
660 1113 731 1148 ex
755 1094 894 1150 ,aliis
942 1094 1162 1167 ejusdem
1199 1094 1452 1168 Martyris
1506 1094 1814 1149 testimoniis
1864 1098 2133 1170 explorate

275 1182 384 1236 erui
420 1181 553 1236 idem
590 1179 878 1236 Febronius
915 1182 1135 1250 fatetur,
1175 1182 1256 1237 hic
1294 1183 1434 1238 locus
1470 1203 1631 1255 aeque
1669 1181 1930 1256 Stephano
1955 1182 2133 1258 Papae

275 1286 336 1323 ac
372 1267 485 1322 aliis
523 1267 787 1324 Africanis
826 1267 1092 1342 Episcopis
1130 1270 1294 1343 aptari
1343 1271 1536 1342 nequit.
1613 1270 1899 1325 Romanum
1934 1272 2133 1343 quidem

274 1353 576 1410 Pontificem
613 1357 678 1409 ob
715 1356 916 1412 divinae
952 1356 1287 1411 institutionis
1336 1358 1602 1430 primatum
1639 1377 1731 1412 seu
1761 1363 2133 1430 principatum

275 1446 331 1495 in
385 1445 684 1496 universali
731 1444 984 1498 Ecclesia
1032 1443 1157 1497 adeo
1207 1462 1361 1516 supra
1408 1443 1690 1518 Episcopus
1728 1446 2131 1518 jurisdictionem

275 1529 462 1584 habere
501 1527 796 1603 Cyprianus
843 1530 1082 1600 credidit,
1134 1540 1188 1584 ut
1233 1531 1287 1584 in
1331 1550 1484 1587 causa
1518 1529 1771 1587 Marciani
1809 1533 2133 1588 Arelatensis

275 1617 338 1671 ad
374 1615 567 1689 Papam
606 1618 896 1691 scripserit,
935 1637 1050 1672 eum
1090 1620 1397 1674 auctoritate
1431 1639 1524 1674 sua
1564 1620 1943 1694 comprimeret,
1982 1631 2134 1692 atque

274 1704 625 1777 deponendum*
668 1706 1003 1779 praeciperet.
1092 1702 1239 1775 Quod
1297 1726 1422 1780 crgo
1471 1708 1532 1761 de
1579 1706 1847 1780 Episcopis
1893 1708 2030 1762 inter
2072 1725 2133 1761 se

274 1793 565 1864 aequalibus
614 1793 886 1849 affirmavit
936 1790 1261 1867 Cyprianus,
1310 1796 1371 1850 de
1420 1793 1627 1849 Summo
1678 1793 1929 1850 Pontifice
1974 1795 2133 1850 inter-

273 1882 572 1955 pretandum
621 1901 726 1936 non
776 1891 873 1935 est.
963 1879 1023 1936 Si
1059 1901 1184 1938 vero
1242 1883 1302 1936 de
1338 1880 1606 1955 Episcopis
1653 1891 1911 1955 potestate
1945 1901 2131 1954 aequa-

276 1970 404 2024 libus
442 1990 569 2027 vera
605 1980 686 2025 est
722 1970 886 2043 prima
921 1969 1010 2024 illa
1045 1989 1196 2043 pars,
1237 1989 1337 2044 qua
1370 1970 1723 2043 pronuntiavit
1758 1970 1945 2023 nullum
1983 1988 2134 2043 posse

267 2057 487 2131 judicari
524 2048 586 2111 ab
626 2056 726 2110 alio
763 2056 1033 2129 potestatis
1083 2057 1336 2128 aequalis3
1385 2056 1605 2111 secunda
1654 2066 1795 2110 certe
1839 2075 1985 2129 pars,
2033 2075 2133 2127 qua

275 2145 410 2200 dixit
448 2145 691 2218 judiciuin
739 2143 998 2216 ejusmodi,
1043 2147 1140 2197 uni
1186 2152 1239 2201 et
1296 2146 1404 2198 soli
1449 2145 1574 2197 Deo
1626 2161 1741 2197 esse
1797 2153 2131 2208 reservatum,

276 2253 385 2289 cum
425 2252 530 2287 non
567 2242 647 2287 cst
683 2250 811 2286 vera
845 2229 1129 2303 generatim
1180 2230 1241 2284 de
1289 2230 1415 2303 ipsis
1429 2264 1438 2267 „
1450 2229 1746 2303 Episcopiss,
1795 2249 1921 2302 quos
1956 2229 2134 2304 Papae

267 2321 457 2395 judicio
495 2321 752 2393 subjectos
789 2318 919 2372 idem
959 2316 1252 2391 Cyprianus
1303 2318 1541 2390 agnovit,
1588 2328 1644 2372 ut
1697 2328 1847 2390 gesta
1891 2317 1952 2371 de
1988 2316 2136 2372 Mar-

276 2410 423 2465 ciano
462 2407 795 2481 patefaciunt,
841 2417 962 2460 tum.
984 2424 1109 2461 vero
1148 2406 1209 2460 dc
1254 2406 1362 2460 solo
1402 2405 1637 2461 Romano
1679 2405 1926 2465 Pontifice
1969 2405 2134 2462 veris-

277 2498 408 2552 sima
447 2506 556 2563 est,
608 2514 718 2550 cum
757 2495 820 2550 ob
873 2493 1208 2567 potentiorem
1254 2493 1455 2549 divinae
1490 2493 1826 2549 institutionis
1862 2493 2134 2567 primatum

277 2585 398 2639 nulli
436 2582 681 2657 potestati
715 2581 1114 2651 Ecclesiasticae
1150 2582 1340 2648 subsit,
1379 2591 1432 2634 ut
1469 2600 1562 2635 suo
1600 2582 1711 2637 loco
1749 2579 1977 2653 probavi.

422 2670 497 2724 Ut
534 2680 702 2725 autem
749 2668 1097 2739 intelligantur
1135 2669 1360 2741 apertius
1409 2666 1626 2722 recitata
1664 2664 1911 2739 Cypriani
1958 2666 2131 2733 verba,

268 2758 464 2833 juverit
509 2760 619 2830 ejus
678 2765 898 2810 mentem
947 2756 1173 2810 intimius
1235 2757 1493 2827 inquirere
1549 2765 1601 2809 et
1645 2755 1925 2809 declarare.
2004 2751 2131 2809 Cum

278 2848 433 2904 sciret
481 2855 671 2918 quanta
716 2854 855 2899 esset
911 2844 1038 2917 apud
1087 2863 1263 2898 omnes
1299 2842 1601 2899 Pontificiae
1638 2841 1787 2896 Sedis
1836 2840 2133 2906 auctoritas,

278 2954 406 3007 quae
444 2953 567 2989 suae
604 2932 888 2987 sententiae
927 2932 1325 2998 adversabatur3
1364 2931 1490 2986 vidit
1526 2930 1580 2983 in
1618 2929 1763 3001 hujus
1802 2928 2134 3002 patrocinium

277 3023 491 3097 perutile
529 3024 749 3075 futurum
789 3029 1162 3092 contraponere
1187 3018 1446 3092 Stephano
1484 3017 1704 3072 omnium
1743 3034 1864 3070 suae
1896 3016 2134 3085 frequen-

277 3111 504 3166 tissimae
550 3109 732 3182 synodi
769 3107 1135 3181 Episcoporum
1172 3125 1502 3173 consensum,
1553 3106 1636 3176 qui
1684 3102 1962 3159 concitatas
1997 3101 2133 3156 illius

278 3199 442 3253 minas
478 3207 653 3271 posset
689 3196 945 3251 efficacius
981 3206 1284 3267 temperare,
1322 3204 1374 3248 et
1407 3194 1621 3258 forsitan
1647 3190 1798 3247 etiam
1836 3189 2131 3262 reprimere.

278 3285 362 3344 Ne
399 3305 523 3349 vcro
575 3284 655 3340 hic
692 3282 914 3338 omnium
962 3300 1241 3337 consensus
1278 3281 1331 3336 in
1369 3281 1703 3354 suspicionem
1740 3276 1970 3345 veniret,
2019 3276 2132 3337 dnm

280 3373 524 3446 suffragia
559 3373 757 3426 illorum
794 3371 955 3444 petiit,
993 3380 1052 3424 ut
1090 3371 1216 3424 haec
1253 3387 1355 3423 non
1393 3370 1585 3436 favore1
1596 3375 1691 3423 aut
1729 3374 1866 3419 metu
1902 3373 2131 3428 extorta,

279 3461 367 3515 sed
406 3460 610 3515 omnino
648 3453 809 3516 libera
858 3477 973 3515 esse
1012 3458 1139 3529 apud
1189 3475 1365 3513 omncs
1414 3461 1704 3518 constaret,
1743 3452 1944 3507 eosdem
1986 3449 2134 3505 initio
