2326 3854
692 227 1074 284 -205
1168 257 1339 265 -—--

121 395 372 460 Africani,
421 413 525 448 cum
565 393 968 465 appellationibus
1014 391 1298 445 inferiorum
1347 385 1633 443 clerico‘fflm
1681 391 1740 441 ad
1777 389 1915 460 Apo·

120 480 342 533 stolicam
377 481 559 544 sedem,
595 480 647 531 in
682 478 837 530 initiis
873 487 1057 542 tamen,
1096 495 1192 529 non
1230 486 1343 547 post
1365 475 1518 546 ipsius
1554 474 1684 526 sedis
1719 492 1916 544 posses-

122 565 307 618 sionem
346 565 550 636 plurium
595 563 930 626 saeculorum,
976 562 1293 615 conciliorum
1343 561 1492 613 etiam
1537 558 1749 612 decretis
1786 577 1916 611 com-

121 650 372 720 probatam
419 648 739 717 restiterunt,
781 656 834 698 ut
877 646 1230 717 explicavimus
1276 645 1329 696 in
1365 642 1811 698 Observationibus
1860 643 1916 694 ad

119 733 534 785 Dissertationem
572 732 639 786 V.
685 729 938 798 Quesnelli
965 735 1101 782 tom.
1141 732 1191 782 2.
1242 741 1446 783 nostrae
1481 728 1710 784 Venetae
1745 727 1916 781 editio—

119 818 197 870 nis
234 817 448 889 Operum
471 815 540 869 S
571 815 762 869 Leonis
807 825 935 886 part.
977 816 1026 867 l.
1067 834 1109 868 c.
1148 816 1200 869 6.
1244 834 1298 867 n.
1337 815 1424 868 30.
1472 834 1586 886 pag.
1626 814 1750 871 971.
1822 811 1916 865 His

119 921 308 971 quoque
354 900 524 954 mediis
573 898 630 952 S.
666 900 952 955 Bernardus
972 897 1316 971 ¹impediendas
1363 918 1452 952 seu
1488 899 1800 969 abrogandas
1836 916 1918 951 ou-

118 987 249 1046 ravit
283 986 624 1056 exemptiones
661 984 863 1037 nimium
905 986 1102 1050 faciles,
1150 995 1206 1036 ut
1250 1003 1314 1037 ne
1348 984 1402 1036 in
1436 984 1558 1055 ipsis
1597 982 1917 1036 concedendis

118 1081 411 1141 potestatem
457 1069 770 1122 Pontificiam
815 1081 1040 1140 negaret.
1085 1070 1246 1125 -Vide
1294 1070 1487 1122 easdem
1525 1069 1917 1122 Observationes

119 1174 160 1208 c.
202 1157 251 1209 7.
308 1174 356 1207 n.
394 1157 445 1208 5.
501 1155 777 1225 pag..979.
859 1154 1000 1207 >Idem
1055 1155 1114 1207 de
1171 1155 1246 1207 his
1299 1154 1551 1211 dicendum
1606 1164 1708 1217 est,
1765 1171 1822 1206 ac
1859 1154 1918 1206 de

116 1240 423 1310 praeceptiS,
468 1258 594 1308 quae
630 1258 659 1292 a
696 1239 928 1309 legitimis
964 1239 1299 1309 superioribus
1334 1257 1404 1291 ex
1441 1257 1532 1291 sua
1566 1248 1812 1308 potestate
1845 1240 1918 1290 fe·

119 1334 311 1376 runtur.
386 1321 540 1377 Certa
557 1355 559 1358 <
578 1323 751 1378 divina
771 1333 828 1376 et
858 1324 1104 1376 ‘naturalis
1139 1324 1226 1376 lex
1264 1333 1368 1388 est,
1418 1323 1663 1394 superiori
1697 1323 1916 1393 legitimo

116 1408 447 1479 praecipientiu
469 1427 580 1462 esse
617 1408 963 1472 obediendum,
1019 1408 1117 1460 nisi
1151 1409 1420 1479 praecipiat
1465 1409 1543 1472 id,
1593 1409 1717 1477 quod
1755 1408 1918 1462 divina

116 1503 201 1545 aut
254 1493 468 1546 naturali
520 1494 631 1562 lege
683 1492 890 1545 vetitum
945 1504 1052 1558 est,
1117 1503 1203 1545 aut
1255 1502 1392 1547 vetet
1437 1493 1586 1561 quod?
1609 1493 1775 1547 divina
1826 1511 1912 1546 na·

116 1578 326 1631 turalive
392 1579 502 1648 lege
557 1578 875 1648 praecipitur:
948 1589 1065 1632 tunc
1122 1580 1250 1631 enim
1310 1579 1410 1648 (uti
1461 1578 1644 1648 legitur
1699 1579 1751 1630 in
1795 1579 1914 1631 Act.

116 1663 292 1733 Apost.
333 1663 382 1727 5,
409 1661 524 1732 29.)
562 1656 784 1715 obedire
811 1659 1025 1732 oportet
1057 1666 1177 1729 Deo
1213 1667 1380 1732 mayz's
1417 1683 1573 1732 quam
1609 1666 1914 1717 hominibus..

116 1748 259 1800 Adeo
296 1736 415 1801 vero
461 1746 704 1816 superiori
747 1747 970 1817 legitimo
1010 1750 1214 1801 debetur
1259 1748 1534 1800 obedientia
1549 1788 1564 1813 ,
1588 1761 1591 1762 ’
1611 1758 1694 1812 ut,
1749 1749 1829 1801 vel
1864 1749 1916 1800 in

117 1833 259 1884 dubio
297 1851 382 1885 ex.
421 1851 500 1902 gr.
544 1849 660 1883 num
708 1834 833 1900 quod
875 1833 1113 1904 praecipit
1149 1834 1350 1898 liceat,
1387 1834 1448 1885 ab
1502 1833 1728 1885 inferiori
1763 1836 1916 1903 rprae-

117 1918 401 1969 sumendum
445 1917 512 1968 sit
545 1916 756 1980 licitum,
786 1920 961 1972 *necis
1003 1919 1340 1989 incompetens
1386 1917 1489 1970 sibi
1506 1918 1738 1988 judicium
1787 1921 1917 1972 ferat

116 2003 175 2054 de
211 2001 462 2072 superiore
483 2040 497 2061 ,
547 2002 658 2071 qui-¹
679 2002 924 2057 rationem
971 2021 1172 2056 suar-um
1228 2003 1475 2055 actionum
1521 2003 1801 2064 redditurus
1838 2013 1916 2057 est

114 2084 253 2150 Deo,
300 2096 351 2138 et
397 2086 579 2140 idcirco
624 2090 971 2159 praestandam
1015 2088 1112 2159 ipsi
1169 2106 1281 2142 esse
1327 2088 1683 2153 obedientiam,
1738 2108 1846 2142 cum
1869 2089 1915 2159 1)

114 2172 651 2229 certum-obedientiae
695 2184 1017 2246 ‘praeceptum
1073 2174 1126 2225 in
1186 2172 1330 2241 dubio
1385 2174 1710 2243 praevaleat,
1755 2175 1916 2226 sancti

115 2274 306 2325 quoque
330 2256 425 2310 viri
447 2257 784 2325 tradiderunt3
823 2277 1109 2311 neceorum
1132 2264 1381 2328 proterva-
1399 2259 1624 2310 doctrina
1659 2259 1915 2323 audienda,

115 2341 196 2409 qui
233 2341 343 2392 dum
378 2340 505 2394 hanc
539 2361 767 2395 caecam·
787 2342 890 2414 (uti
923 2342 1133 2412 vocant)
1173 2344 1521 2395 obedientiam
1546 2342 1675 2414 'ipsis
1721 2362 1917 2413 quoque

114 2425 433 2496 Apostolicae
486 2427 616 2479 sedis
661 2428 951 2498 dogmaticis
999 2427 1357 2480 definitionibus
1402 2429 1748 2498 praestandam
1798 2429 1916 2499 reji-

115 2511 273 2581 ciunt,
322 2511 532 2579 debitam
567 2511 678 2564 fidei
712 2512 951 2565 unitatem
999 2531 1108 2565 cum
1162 2512 1293 2565 sedis
1327 2509 1648 2582 Apostolicae
1694 2514 1787 2566 fide
1822 2514 1914 2565 im-

113 2596 541 2666 pedire-nituntur
575 2615 635 2649 eo
673 2598 895 2662 nomine,
941 2615 1035 2666 qno
1082 2597 1191 2650 illas
1239 2597 1402 2649 errori
1439 2597 1688 2663 obnoxias
1736 2598 1913 2650 existi-

112 2687 274 2747 ment,
319 2699 522 2748 quorum
559 2681 866 2754 hypothesim
909 2682 1223 2735 falsissimam
1251 2681 1523 2735 refellimus
1568 2683 1620 2734 in
1664 2682 1790 2735 libro
1828 2685 1915 2749 De

112 2768 165 2816 vi
191 2769 450 2833 primatus
487 2783 592 2836 cap,
620 2767 719 2818 η15.
780 2774 783 2776 ’
853 2818 863 2829 χ
1199 2784 1203 2788 ’

170 2906 172 2910 ³
254 2848 307 2900 3.
358 2844 556 2917 >Neque
583 2848 870 2904 *Febronius
895 2843 1156 2922 reponat,¹
1178 2871 1267 2917 se‘,
1308 2853 1405 2922 'qui
1441 2854 1574 2904 solos
1608 2853 1790 2905 abusus
1826 2871 1914 2923 po-

113 2932 360 3006 testatiS,
402 2951 502 2984 non
563 2943 748 2991 autem?
784 2935 939 3007 ipsam
959 2982 962 2985 Α
986 2935 1328 3006 Apostolicam
1383 2947 1682 3007 potestatem·
1741 2937 1914 3007 carpit,

114 3036 287 3073 eorum
309 3018 570 3083 abusuum,
601 3018 686 3086 qui
719 3030 998 3090 supersunt,
1036 3021 1754 3090 perturbationetcommoveri,
1777 3022 1913 3075 adeo

242 3158 275 3213 ¹)
309 3162 427 3206 Haec
463 3164 604 3214 regula
645 3168 707 3214 est
747 3164 855 3202 inter
895 3176 1034 3204 omnes
1071 3164 1324 3215 Theologiac
1363 3166 1568 3217 Doctores
1611 3167 1832 3206 communis
1871 3168 1910 3206 in

115 3219 275 3260 casibus
305 3222 607 3267 conscientiae,
639 3223 697 3261 uti
728 3222 958 3272 appellant,
988 3217 1236 3273 pariterue,
1248 3219 1447 3263 ''ubi'duo
1480 3230 1702 3276 praecepta
1730 3237 1913 3278 pugnare

115 3279 331 3325 videntm
370 3291 537 3330 quorum
567 3281 740 3321 alterum
769 3281 805 3319 si
837 3284 992 3320 certum
1020 3282 1104 3328 sit,
1139 3280 1321 3325 alterum
1352 3283 1536 3330 dubium,
1569 3287 1740 3323 certum
1752 3285 1910 3325 incerto

115 3340 157 3375 et
184 3337 310 3376 dubio
341 3339 578 3391 praevalere
605 3338 826 3378 affirmant:
856 3340 982 3377 veluti
1004 3339 1163 3379 accidit.-
1188 3340 1228 3380 in
1253 3341 1373 3380 dubio
1396 3342 1448 3380 de
1471 3343 1634 3392 justitia
1662 3342 1760 3381 belli
1778 3344 1912 3394 quoad

114 3395 281 3442 milites,
314 3395 380 3444 qui
415 3392 474 3435 e'x
486 3396 692 3436 fidelitate
722 3408 866 3449 parere
885 3397 1065 3452 Principi
1084 3396 1247 3451 debent,
1279 3399 1343 3437 vel
1373 3401 1414 3438 in
1446 3400 1537 3439 aliis
1570 3401 1745 3451 casibus,
1778 3401 1912 3452 quoad

115 3453 315 3502 subditos,
347 3448 506 3504 quibus·
511 3455 675 3495 dubium
696 3457 852 3496 incidat
873 3456 922 3494 de
945 3468 1008 3502 eo,
1041 3457 1149 3507 quod
1167 3468 1194 3495 a
1206 3448 1393 3507 legitimo
1416 3459 1629 3512 superiore
1644 3460 1910 3511 praecipitur.
