2326 3854
699 208 1299 265 *15*

105 377 277 448 quibus
314 375 535 446 legimen
573 382 624 427 et
660 373 822 424 unitas
847 371 1101 425 Ecclesiae
1137 369 1481 423 detrimentum
1518 364 1745 435 capiant?
1785 363 1893 431 Qua

102 481 223 517 vero
260 460 596 514 moderatione
632 459 723 512 hac
758 475 948 511 summa
983 464 1230 527 potestate
1266 453 1338 505 uti
1374 459 1628 522 oporteat,
1668 468 1775 503 cum
1812 468 1898 519 po-

104 557 261 600 testas
299 565 330 598 a
363 545 473 598 Deo
511 544 577 597 sit
612 543 665 594 in
703 541 1118 605 aedificationem,
1156 557 1256 592 non
1290 538 1341 590 in
1379 534 1790 599 destructionem·
1839 534 1898 585 ad

107 633 253 685 aliam
301 628 673 700 disputationem
717 626 956 696 pertinet,
1007 627 1065 678 de
1113 644 1208 695 qua
1251 623 1329 676 hic
1366 621 1483 674 mihi
1522 619 1763 690 agendum
1799 635 1897 669 non

107 727 210 781 est,
261 714 474 783 alibique
522 710 668 781 (Vid.
716 710 847 763 infra
892 729 999 781 cap.
1049 710 1102 763 3.
1153 710 1200 777 ξ.
1249 708 1300 760 3.
1351 717 1415 760 et·
1443 704 1701 760 Vindicias
1751 721 1791 755 e.
1843 704 1895 753 5.

104 818 155 852 n.
195 798 310 867 10.)
359 797 582 851 dicentur
627 796 782 866 plura.
858 794 914 847 In
962 813 1065 847 rem
1105 793 1235 847 enim
1272 801 1585 863 praesentem
1623 790 1680 841 de
1717 788 1899 859 prima-

103 884 177 936 rio
225 891 416 935 tantum
451 891 515 935 'et
548 880 792 946 >radicali‚
857 889 911 932 ut
960 888 1169 943 vocant,
1196 894 1199 895 ⁷
1225 877 1462 948 primatus
1503 879 1617 945 jure
1664 873 1900 927 statuisse

103 967 326 1021 sufficiat.

913 1064 1088 1134 §..1v

104 1171 174 1211 In
187 1170 427 1222 Episcopos
458 1171 758 1224 Apostolorum
793 1180 1053 1210 successores
1095 1177 1182 1207 non
1220 1134 1331 1205 idem
1371 1164 1541 1204 omnino
1567 1162 1643 1212 jus
1674 1164 1899 1215 Apostolo—

101 1242 195 1270 rum
226 1231 415 1271 transiit.
456 1230 558 1277 Jus,
597 1229 710 1281 quod
746 1228 835 1268 illi-s
863 1229 911 1267 in
941 1227 1082 1268 initiis
1113 1225 1371 1275 competebat
1401 1223 1621 1274 Apostolis
1649 1223 1697 1262 in
1728 1223 1899 1262 univer-

102 1300 193 1328 sam
225 1288 476 1335 Ecclesiam,
508 1287 896 1328 extraordinarium
918 1286 1033 1336 fuit,
1076 1284 1188 1336 quod
1216 1284 1264 1322 in
1297 1281 1535 1332 Episcopus
1566 1292 1709 1321 eorum
1738 1294 1901 1322 succes·

101 1358 217 1387 sores
245 1358 332 1387 non
361 1346 560 1387 transiit.-
590 1347 639 1386 in
668 1348 757 1387 solo
789 1349 928 1386 autem
963 1344 1007 1383 S.
1042 1344 1164 1383 Petro
1188 1330 1283 1392 fuit
1313 1341 1581 1380 ordinarium
1609 1341 1777 1380 ratione
1806 1341 1901 1391 pri-

103 1408 267 1455 matus,
307 1407 348 1446 et
384 1405 545 1445 idcirco
589 1404 787 1456 competit
825 1403 1034 1445 Romanis
1065 1398 1339 1450 Pontificibus
1370 1397 1555 1447 ejusdem
1585 1400 1798 1450 primatus
1828 1399 1900 1439 he—

101 1458 271 1505 redibus
303 1458 405 1511 jure*
441 1464 675 1504 ordinario.
738 1461 861 1504 Nulli
901 1461 1141 1513 Episcopo,
1197 1460 1287 1499 nisi
1332 1458 1642 1507 successoribus
1685 1458 1727 1499 S.
1771 1458 1899 1506 Petri,

103 1522 302 1574 competit
334 1520 579 1570 jurisdictio
618 1522 667 1562 in
704 1522 812 1562 alios
842 1520 1083 1572 Episcopos
1112 1520 1412 1570 Apostolorum
1443 1527 1704 1565 successores
1731 1518 1901 1558 institu—

103 1582 217 1621 tione
247 1581 419 1630 divina,
460 1581 532 1621 sed
566 1579 664 1629 jure
703 1583 867 1621 tantum
901 1578 1198 1620 Ecclesiastico
1232 1575 1486 1629 quibusdam
1513 1575 1801 1625 insigniorum
1834 1589 1900 1615 se—

103 1640 217 1680 dium
259 1638 489 1690 Episcopis
531 1640 692 1679 tributa
723 1638 838 1690 fuit,
882 1639 947 1682 ita
987 1642 1149 1684 tamen,
1194 1639 1245 1676 ut
1282 1646 1425 1674 omnes
1464 1646 1555 1674 cum
1589 1634 1901 1676 successoribus

106 1698 151 1738 S.
183 1698 301 1738 Petri
336 1698 385 1738 in
426 1698 606 1738 unitatis
647 1698 801 1738 bonum
841 1697 1104 1747 conspirent:
1146 1694 1338 1745 nihilque
1379 1692 1481 1732 haec
1510 1693 1724 1733 institutio
1761 1693 1901 1734 Eccle-

103 1757 277 1832 siastica
307 1754 604 1807 praejudicare
632 1758 772 1808 potest
801 1753 895 1803 juri
928 1755 971 1796 S.
1004 1754 1121 1794 Petri
1153 1756 1194 1793 et
1221 1762 1506 1792 successorum
1538 1749 1652 1800 ejus,
1699 1752 1811 1803 quod
1841 1757 1901 1793 est

744 1813 1031 1855 institutionis
1066 1812 1250 1852 divinae.

242 1899 294 1952 8.
352 1897 662 1951 Praestituto
701 1908 751 1953 et
788 1898 1038 1969 explicato
1074 1897 1311 1950 hactenus
1329 1894 1591 1966 praecipuo
1618 1913 1675 1948 ac
1699 1896 1901 1949 radicali

93 1985 206 2054 jure
253 1983 490 2052 primatus
539 1981 879 2047 Romanorum
927 1981 1223 2035 Pontificum
1261 1998 1604 2033 successorum
1641 1978 1716 2034 S„
1737 1980 1900 2047 Petri,

100 2077 155 2120 ut
186 2067 348 2138 aliqua
382 2067 597 2121 dicamus
632 2068 876 2120 etiam‘de'
889 2069 1004 2138 jure
1027 2065 1410 2139 Episcoporum‚
1449 2065 1532 2134 qui
1557 2076 1902 2119 successerunt

100 2152 386 2224 ApostoliS,
422 2170 523 2204 non
561 2153 732 2206 eadem
769 2153 969 2206 omnino
1001 2162 1222 2224 potestas
1247 2152 1308 2205 ad
1331 2151 1466 2222 ipsos
1491 2150 1735 2222 pervenit,
1774 2169 1901 2221 qnae

101 2238 154 2289 in
200 2237 457 2309 Apostolis
506 2237 694 2290 extitit.
768 2236 861 2290 His
906 2238 1036 2291 enim
1077 2240 1160 2308 jus
1206 2237 1299 2290 fuit
1347 2236 1400 2288 in
1449 2245 1606 2289 totum
1653 2237 1900 2302 mundum,

103 2340 210 2375 cum
259 2341 414 2391 aeque
458 2340 629 2374 omnes
665 2322 717 2374 in
753 2332 910 2374 totum
946 2323 1176 2374 mundum
1212 2321 1352 2374 missi
1387 2322 1573 2394 fuerint
1610 2341 1640 2374 a
1677 2320 1900 2388 Christo,

101 2417 156 2459 ut
191 2405 516 2477 Evangelium
550 2406 895 2478 praedicarent
931 2407 1064 2459 omni
1100 2416 1385 2460 creaturae:
1436 2406 1507 2459 sic
1545 2406 1675 2459 enim
1714 2406 1812 2458 illis
1849 2407 1900 2458 in

100 2492 255 2545 initiis
290 2491 410 2545 utile
443 2493 526 2547 vel
561 2491 895 2546 necessarium
933 2501 1059 2544 erat.
1133 2491 1209 2543 At
1243 2510 1350 2545 cum
1374 2491 1606 2563 Apostoli
1633 2490 1902 2562 Episcopos

102 2578 252 2631 certis
296 2577 349 2629 in
398 2577 520 2630 locis
567 2577 944 2645 constituerint,
991 2586 1048 2628 ut
1090 2576 1152 2628 iis
1200 2586 1340 2629 ‘suam
1389 2595 1553 2630 curam
1605 2587 1655 2630 et
1700 2596 1901 2649 operam

100 2663 464 2733 impenderent3
504 2662 762 2733 expediret
798 2673 961 2716 autem
997 2661 1087 2714 hos
1124 2661 1294 2714 iisdem
1331 2662 1452 2715 locis
1489 2662 1714 2733 alligari3
1767 2663 1901 2735 ipso-

102 2755 212 2796 rum
240 2746 516 2815 jurisdictio
555 2765 654 2799 non
690 2747 745 2799 in
779 2757 937 2800 totum
972 2747 1228 2814 mundum,
1277 2757 1331 2800 ut
1371 2748 1725 2818 Apostolorum
1773 2758 1899 2815 erat,

105 2830 192 2881 sed
225 2829 359 2882 intra
396 2841 558 2885 certos
587 2832 711 2884 fines
748 2831 1117 2903 circumscripta
1152 2842 1204 2885 et
1239 2833 1685 2886 circumscribenda
1721 2834 1815 2886 fuit
1839 2835 1900 2886 ob

104 2911 362 2967 Ecclesiae
396 2914 607 2979 honum,
643 2925 699 2967 ut
735 2915 940 2986 quilibet
974 2934 1063 2969 suo
1089 2919 1324 2987 cujusque
1348 2919 1494 2989 gregi
1518 2918 1787 2971 studiosius
1811 2938 1900 2973 va-

106 3007 272 3066 caret,
311 3001 465 3069 juxta
509 2999 626 3050 illud
662 2997 831 3053 Petri:
882 3002 1122 3063 Pascite,
1172 3008 1264 3071 qui
1306 3007 1360 3055 in
1396 3005 1540 3065 vobis
1579 3012 1658 3056 cst
1685 3007 1901 3074 yreyem

104 3084 214 3136 Dei
249 3083 326 3153 (l.
363 3082 505 3136 Petr.
545 3085 596 3148 5,
635 3083 714 3156 2.)
762 3103 855 3138 nec
901 3086 1259 3140 distraheretur
1294 3087 1348 3140 in
1394 3106 1578 3158 greges
1625 3087 1731 3140 aliis
1777 3086 1900 3158 Epi-

107 3168 266 3238 scopis
314 3169 624 3239 assignat08‚
674 3170 800 3238 quod
839 3169 1162 3239 scissurarum
1196 3181 1251 3236 vet
1286 3172 1648 3224 dissensionum
1687 3172 1899 3225 semina-

105 3251 233 3304 rium
277 3271 388 3306 esse
433 3254 562 3307 solet
607 3272 707 3306 non
756 3253 864 3307 sine
910 3245 1090 3325 magno
1127 3254 1355 3316 unitatiS,
1402 3256 1539 3325 pacis
1577 3266 1626 3310 et
1660 3258 1778 3310 boni
1811 3277 1899 3329 pu-

105 3336 218 3389 blici
260 3336 568 3392 detrimento.
642 3336 832 3406 Quodsi
878 3341 939 3392 ob
991 3341 1082 3393 hoc
1130 3339 1334 3392 unitatis
1369 3339 1580 3406 bonum,
1628 3341 1898 3415 Episcopo-

107 3429 240 3486 rum,
263 3422 361 3490 ‘qui
397 3424 661 3479 succedunt
697 3424 804 3478 aliis
841 3424 1126 3495 ApostoliS‚
1166 3425 1442 3495 jurisdictio
1460 3426 1624 3480 'certis
1649 3428 1769 3481 locis
1795 3428 1899 3480 alli-
