2326 3854
758 224 1403 281 —243—

239 391 450 443 primatus.
486 387 583 434 163.
626 396 795 432 revocat
815 393 903 432 fere
924 393 1060 432 omnia
1087 392 1142 432 ad
1162 392 1417 443 disciplinam
1437 388 1537 428 meri
1563 387 1669 439 juris
1683 389 1986 437 Ecclesiastici‚

239 513 388 548 statem
418 521 469 548 ne
499 509 590 548 dum
615 510 655 548 in
671 510 799 561 Papa,
831 510 908 548 sed
938 512 976 549 in
1010 511 1112 561 ipsis
1141 511 1265 550 etiam
1285 508 1472 548 conciliis
1500 507 1759 557 generalibus
1789 507 1980 547 infirmat.

244 562 338 609 164.
376 567 478 618 Ejus
497 579 610 607 mens
630 568 681 606 de
701 568 958 608 restituenda
978 570 1111 608 veteri
1143 569 1358 620 disciplina
1389 566 1441 605 ob
1460 565 1666 605 tollendos
1686 566 1847 604 abusus.
1879 562 1982 607 206.

239 626 376 664 Media
405 627 455 665 ab
481 627 576 678 ipso
607 628 823 677 proposita
854 631 954 678 quot
986 627 1295 667 difficultatibus
1326 625 1518 665 obnoxia.
1555 618 1657 666 207.
1719 626 1849 668 Quam
1880 625 1984 663 male

237 685 514 734 quorumdam
530 685 785 736 antiquorum
815 689 859 725 et
887 689 1121 726 sanctorum
1136 686 1381 726 Pontificum
1411 686 1531 734 gesta
1553 682 1769 734 augendae
1799 686 1984 734 potesta-

235 743 291 781 tis
323 743 495 782 consilio
525 744 730 787 attribuit.
762 739 863 786 227.
909 745 1194 785 Febronianae
1227 755 1424 784 censurae
1455 745 1600 782 contra
1629 743 1758 793 ipsam
1774 742 1983 793 Synodum

237 801 537 842 Tridentinam.
570 796 672 843 235.

178 857 375 900 Feneloni
404 860 709 912 Arcbiepiscopi
736 862 1046 901 Cameracensis
1075 836 1352 902 testimonium
1384 860 1436 899 de
1466 846 1850 910 subscriptionibus,
1880 871 1981 910 quas

232 918 428 969 Episcopi
457 919 730 969 subjiciebant
761 920 1069 959 definitionibus
1100 920 1211 962 fidei.
1243 915 1315 959 35.

175 976 294 1015 Fidei
325 976 599 1017 definitiones.
645 979 691 1019 V.
722 976 1018 1027 Definitiones.

174 1034 293 1074 Fidei
325 1036 530 1075 certitudo
563 1049 614 1076 ex
641 1037 800 1077 unitate
831 1049 922 1077 cum
950 1037 1031 1077 fide
1060 1038 1173 1078 sedis
1202 1037 1477 1088 Apostolicae.
1509 1031 1581 1077 40.
1613 1038 1701 1074 not.
1731 1031 1765 1077 1.

174 1093 402 1132 Florentini
433 1095 596 1134 concilii
629 1095 837 1136 decretum
868 1096 920 1136 de
949 1097 1100 1136 unione
1129 1098 1396 1144 Graecorum,
1428 1107 1476 1134 ac
1508 1093 1560 1133 de
1589 1094 1843 1133 auctoritate
1874 1088 1986 1134 Ponss

231 1151 364 1191 tificia
393 1153 639 1205 explicatum
677 1158 720 1193 et
749 1155 1016 1197 vindicatum.
1057 1151 1130 1198 60.
1200 1156 1390 1195 Genuina
1433 1155 1518 1204 eJus
1551 1153 1676 1193 lectio
1715 1152 1982 1205 autographis

235 1211 447 1251 codicibus
478 1212 730 1252 confirmata.
761 1209 834 1255 60.
866 1218 950 1256 not.
974 1210 1010 1256 1.

175 1325 408 1390 Gallicani
438 1349 548 1389 Cleri
577 1350 757 1391 Comitia
785 1351 882 1390 anni
916 1345 1042 1393 1681.
1076 1349 1256 1391 laudata.
1289 1346 1359 1392 44.

173 1408 377 1450 Gallicani
407 1407 603 1459 Episcopi
637 1410 838 1459 quomodo
862 1410 1090 1461 judicarint
1119 1413 1214 1461 post
1246 1408 1524 1448 definitionem
1555 1409 1599 1449 S.
1633 1406 1801 1446 Leonis,
1833 1401 1931 1478 35

174 1472 218 1511 S.
252 1466 443 1507 Gelasius
474 1466 676 1510 laudatus.
709 1463 782 1509 44.

172 1525 373 1568 Gersonis
402 1525 680 1579 testimonium
712 1526 762 1566 de
792 1526 1042 1566 certitudine
1070 1525 1166 1566 fidei
1197 1538 1248 1566 ex
1268 1527 1453 1566 Romana
1483 1524 1579 1566 fide.
1611 1519 1681 1566 40.
1714 1535 1755 1565 n.
1779 1519 1816 1567 l.
1867 1525 1980 1564 Alius

231 1583 409 1636 ejusdem
440 1584 553 1624 locus
580 1585 783 1627 laudatus.
826 1573 891 1628 19.
962 1584 1254 1637 Interpretatio
1286 1585 1415 1637 ipsius
1450 1585 1496 1623 in
1529 1586 1685 1624 textum
1716 1583 1804 1625 Act.
1840 1583 1980 1635 Apost.

235 1657 271 1685 c
287 1638 329 1685 8.
361 1643 622 1694 expungitur.
652 1637 753 1686 216.

174 1705 217 1746 S.
250 1702 478 1752 Gregorius
507 1701 680 1753 Magnus
717 1714 790 1742 cnr
830 1702 980 1754 refugit
1010 1680 1169 1743 titulum
1203 1701 1410 1754 Episcopi
1440 1700 1710 1742 universalis.
1749 1696 1842 1742 174.
1891 1702 1981 1739 εἰει(

234 1760 484 1812 praejudicio
514 1761 726 1812 primatus.
761 1761 834 1804 Ibi.

174 1819 402 1871 Gregorius
415 1819 503 1862 ΧΠ.
532 1822 718 1872 tempore
747 1819 976 1860 schismatis
997 1820 1249 1872 probabilius
1274 1820 1351 1859 fuit
1370 1830 1492 1859 verus
1508 1817 1718 1860 Pontifex.
1754 1812 1850 1860 131,
1884 1828 1921 1860 n.
1946 1812 1980 1859 1.

172 1934 417 1998 Haeretici
447 1955 608 2008 Papae
616 1969 735 1997 casus
765 1957 1066 2011 hypotheticus.
1110 1953 1207 2000 124.
1243 1952 1340 2001 125.
1401 1958 1448 1997 Si
1479 1957 1591 2010 Papa
1621 1956 1667 2028 in
1696 1954 1859 1995 haeresi
1891 1967 1979 2011 per

232 2017 348 2056 tinax
368 2019 510 2062 esset,
541 2016 649 2067 qnod
680 2018 899 2065 remedium
929 2017 1216 2059 adhibendum.
1254 2013 1350 2059 124.

170 2074 428 2116 Hierarchici
457 2073 756 2126 Episcoporum
786 2076 938 2126 gradus
968 2076 1150 2116 instituti
1181 2077 1224 2115 in
1251 2074 1448 2116 Ecclesia
1470 2076 1566 2125 jure
1594 2072 1909 2121 Ecclesiastico,
1940 2077 1983 2112 et

230 2146 313 2175 cur.
351 2127 415 2175 16.
474 2133 659 2173 Instituti
691 2134 742 2173 ob
773 2135 880 2174 idem
909 2135 1055 2178 bonum
1087 2134 1278 2181 unitatis,
1311 2135 1482 2186 propter
1514 2131 1621 2184 quod
1639 2131 1879 2173 Pontificius
1899 2132 1982 2183 pri-

230 2191 470 2235 matus,fuit
500 2192 703 2232 aChristo
733 2193 962 2243 institutus,
995 2193 1126 2233 eidem
1145 2194 1294 2233 unitati
1327 2190 1637 2231 conservandae
1668 2190 1821 2229 debent
1840 2191 1982 2230 favere

230 2254 273 2290 et
303 2249 534 2301 cooperari,
564 2261 646 2290 non
675 2254 814 2290 autem
835 2252 1058 2301 contraire,
1087 2256 1160 2291 ant
1181 2264 1270 2291 eam
1291 2251 1505 2301 impedire.
1541 2244 1696 2291 17..18.
1717 2245 1783 2290 l9.
1831 2249 1980 2288 Omnes

228 2312 323 2349 sunt
351 2307 606 2348 subordinati
630 2310 716 2359 juri
743 2321 986 2350 summorum
1016 2310 1270 2352 Pontificum.
1305 2305 1372 2350 19.
1406 2302 1504 2350 169.
1550 2308 1597 2350 V.
1631 2307 1947 2348 subordinatio.

169 2368 378 2407 Honorius
407 2367 540 2419 Papa,
573 2370 616 2407 et
648 2367 698 2407 de
728 2367 824 2420 eJus‘
847 2368 1187 2411 condemnatione
1216 2369 1259 2410 in
1291 2367 1467 2411 concilio
1497 2366 1562 2408 Vl.
1593 2359 1664 2405 68.
1761 2375 1763 2377 ·

169 2485 462 2546 Infallibilitas
489 2506 692 2556 promissa
709 2507 919 2558 Apostolis
948 2510 990 2546 et
1005 2506 1221 2546 Ecclesiae
1252 2505 1384 2557 exigit
1407 2505 1608 2545 unitatem
1640 2516 1728 2543 cum
1750 2503 1831 2543 lide
1848 2505 1977 2549 Petri,

228 2565 370 2615 eisque
401 2564 544 2615 nequit
574 2565 744 2604 attribui
777 2566 852 2616 qui
876 2578 921 2605 se
951 2570 1149 2618 separant
1177 2566 1230 2606 ab
1259 2566 1420 2605 unitate
1450 2564 1547 2603 fidei
1578 2563 1706 2605 Petri.
1738 2558 1807 2605 39.

170 2623 346 2662 Inferior
375 2622 427 2662 de
458 2623 673 2674 superiore
710 2635 791 2663 non
823 2627 963 2675 potest
986 2624 1188 2675 judicare.
1218 2614 1290 2667 74
1325 2617 1424 2664 138.
1468 2622 1547 2672 nisi
1579 2619 1806 2675 auctoritas
1836 2621 1879 2660 in
1912 2633 1978 2659 su-

226 2682 432 2733 periorem
460 2679 657 2732 probetur
685 2682 766 2734 ipsi
796 2683 847 2721 ab
880 2695 929 2722 eo
962 2684 1135 2734 collata,
1177 2683 1244 2734 qui
1277 2679 1480 2732 superiori
1504 2682 1599 2731 jure
1624 2669 1828 2731 praestat.
1874 2681 1977 2721 lbid.

227 2740 510 2791 conditiones,
541 2741 686 2791 quibus
715 2741 887 2781 inferior
915 2742 1119 2794 superiori
1150 2745 1292 2801 potest'
1321 2740 1518 2792 resistere
1549 2751 1676 2778 causa
1696 2740 1974 2790 gravaminum

228 2809 278 2837 ne
308 2771 578 2849 imponantur.
609 2793 708 2840 203.
756 2795 822 2838 ¹vel
852 2800 903 2839 ob
934 2798 1238 2840 restitutionem
1270 2799 1429 2837 veteris
1454 2798 1572 2847 juris.
1603 2794 1704 2840 204
1871 2805 1874 2808 ⁴

169 2857 399 2896 Innocentn
414 2857 481 2898 111
511 2856 624 2896 locus
646 2856 697 2896 de
713 2857 827 2909 Papa
855 2859 890 2897 si
921 2859 963 2897 in
992 2858 1194 2897 haeresim
1226 2856 1409 2898 caderet.
1446 2851 1540 2898 124.
1572 2859 1657 2898 not.
1680 2852 1715 2897 1.
1761 2857 1841 2895 Hic
1858 2868 1978 2895 casss

226 2915 534 2966 hypotheticus.
570 2909 675 2958 125..
699 2919 784 2958 not.
809 2912 844 2958 1.
1940 2931 1945 2935 ¹

169 2974 479 3014 Innocentiusl.
511 2972 755 3016 vindicatus.
793 2969 893 3016 228.

168 3034 344 3072 ,loannes
358 3032 508 3073 XXIII.
537 3034 724 3083 tempore
752 3032 983 3072 schismatis
1013 3030 1280 3071 Pontificatui
1312 3031 1579 3074 renuntiavit.
1615 3027 1711 3074 131.
1744 3035 1828 3073 not.
1845 3027 1905 3073 2.

169 3091 334 3130 Joannis
364 3091 416 3132 de
445 3090 638 3131 Parisiis
647 3091 752 3130 liber
781 3090 845 3131 De
870 3093 1078 3141 potestate
1109 3090 1248 3140 Regia
1280 3093 1320 3130 et
1349 3089 1533 3141 Papali:
1573 3090 1615 3130 in
1648 3102 1728 3145 quo
1761 3090 1974 3141 opiniones

228 3149 426 3199 quaedam
457 3151 638 3191 notatae.
669 3144 740 3190 82.
770 3152 856 3190 not.
874 3150 905 3191 I.
1081 3182 1083 3185 .

171 3206 335 3259 Isidori,
360 3219 439 3255 seu
468 3208 619 3259 potius
637 3207 797 3247 Pseudo
799 3207 965 3247 -Isidori
990 3187 1223 3247 decretales
1250 3206 1555 3257 supposititiae.
1597 3207 1645 3248 V.
1682 3188 1933 3249 Decretaces.

168 3265 378 3306 Judicium
386 3266 448 3306 de
467 3266 681 3318 personis
694 3277 935 3308 summorum
965 3266 1209 3307 Rontisicum
1238 3265 1327 3305 Deo
1360 3267 1627 3309 reservatum.
1659 3260 1730 3309 80.

168 3324 310 3364 Juliil.
343 3324 456 3363 locus
485 3324 724 3376 explicatus.
755 3320 855 3366 233.
1542 3348 1545 3351 «

168 3382 306 3421 lvonis
335 3383 609 3426 Carnote'nsis
625 3384 722 3423 ,loca
751 3382 931 3424 laudata.
963 3377 1033 3424 77.
1065 3377 1153 3425 78.
1171 3378 1268 3426 104.
1360 3422 1363 3424 ,

170 3440 409 3481 Jurisdictio
423 3439 754 3492 Ecclesimfica,
750 3454 871 3493 quae
884 3441 1093 3482 Christum
1122 3440 1261 3483 habet
1277 3443 1503 3492 auctorem,
1518 3413 1763 3483 immediate
1793 3441 1871 3481 fuit
1896 3445 1979 3481 tra-

229 3498 316 3539 dita
346 3500 388 3541 S.
411 3499 537 3539 Petro
568 3502 611 3539 et
637 3501 855 3553 Apostolis,
886 3503 928 3540 et
960 3499 1131 3552 quando,
1164 3495 1205 3543 7.
1267 3499 1361 3539 Non
1394 3502 1528 3539 autem
1559 3500 1714 3543 tradita
1745 3500 1977 3541 immediate

1514 3568 1626 3622 16*
