2326 3854
1021 85 1640 140 ——90—

405 257 640 327 synodos
673 256 958 324 yenerales
998 254 1196 323 absque
1238 253 1487 306 Romano
1531 254 1797 324 Pontifice
1834 260 2012 311 nullas
2052 278 2163 312 esse
2204 265 2255 314 et

403 347 607 396 irritas.
681 341 828 395 Adeo
865 340 1021 411 igitur
1059 339 1405 392 necessarium
1453 349 1531 394 est
1567 339 1621 392 in
1658 342 1980 412 generalibus
2029 344 2252 399 conciliis

400 431 533 484 istud
572 430 731 483 totius
767 426 1045 483 catholicae
1085 423 1347 481 Ecclesiae
1385 437 1563 500 caput,
1614 437 1671 480 ut
1719 428 1830 485 sine
1876 430 1987 504 ipso
2029 433 2163 485 nulla
2201 443 2253 486 et

401 517 549 570 irrita
589 518 756 570 futura
802 514 930 579 siut,
981 530 1304 586 quaecunque
1334 514 1410 588 ‘in
1454 516 1554 569 illis
1604 517 1793 587 absque
1847 536 1908 571 eo
1959 528 2250 590 agerentur.

400 603 454 658 Id
508 604 671 658 innuit
726 599 1082 656 necessitatem
1119 601 1421 663 Pontificiae
1479 604 1798 658 auctoritatis
1849 615 1998 676 atque
2038 623 2252 660 consen-

401 711 504 759 sus,
543 702 600 744 ut
635 691 838 745 decreta
878 707 1208 761 quaecuuque
1245 690 1299 743 in
1335 690 1461 763 ipsis
1499 691 1633 745 edita
1670 692 1771 747 vim
1811 703 1863 746 et
1900 693 2251 748 auctoritatem

399 771 652 852 generalis
691 776 873 851 synodi
910 776 1197 849 obtineant,
1245 778 1374 848 quod
1420 779 1603 832 tertiae
1650 780 1939 851 quaestioni
1981 781 2252 838 solvendae

399 866 643 938 reliquum
682 874 778 919 est.

1230 1028 1279 1098 ς.
1335 1027 1422 1080 111.

504 1149 566 1191 De
592 1147 693 1198 jure
725 1151 765 1190 et
798 1147 1007 1201 qualitate
1035 1147 1246 1202 suffragii
1275 1146 1596 1250 Εῑῖἱὶεσροηυη
1638 1152 1678 1190 et
1709 1146 1859 1202 Papae
1886 1150 1935 1191 in
1969 1152 2147 1204 synode's

1176 1219 1336 1260 genera
1355 1221 1371 1249 ι
1401 1220 1466 1251 ηε.
2205 1224 2210 1226 ’

541 1297 594 1352 8.
673 1294 861 1352 Omnia
899 1304 1031 1360 acta,
1069 1295 1292 1364 decreta,
1330 1296 1413 1350 vel
1450 1295 1734 1350 sententiae
1772 1296 1826 1349 in
1865 1296 2090 1351 conciliis
2117 1296 2252 1352 edita

393 1385 475 1439 vel
512 1385 574 1437 ad
622 1383 766 1437 fidem
816 1382 1102 1455 pertinent,
1156 1383 1239 1437 vel
1283 1383 1345 1435 ad
1401 1382 1733 1455 disciplinam.
1808 1383 1981 1438 Imhis
2020 1385 2251 1457 suffragii

384 1475 469 1544 jus
509 1469 712 1525 cuilibet
746 1467 1002 1543 Episcopo
1040 1469 1279 1543 competit
1318 1469 1517 1540 quidem
1546 1472 1665 1543 jure
1703 1470 1917 1539 divinos
1943 1472 2110 1526 itaut
2146 1491 2248 1526 uon

394 1558 522 1613 meri
560 1557 664 1612 sint
703 1557 980 1612 consiliarii
1017 1556 1224 1630 Papae,
1271 1557 1360 1610 sed
1399 1557 1548 1629 (Vid.
1590 1576 1700 1630 sup.
1741 1577 1787 1612 c.
1826 1559 1879 1612 Ξ.
1929 1577 1977 1612 n.
2016 1558 2103 1631 3.)
2139 1578 2250 1614 vex-1

393 1655 445 1701 et
481 1645 676 1719 proprii
705 1645 1031 1717 conjudices.
1117 1642 1295 1717 Papae
1351 1654 1517 1699 autem
1570 1645 1863 1718 suffragium
1908 1646 1982 1701 ita
2018 1657 2250 1720 praestat

393 1732 610 1799 ceteris,
659 1731 711 1787 et
746 1731 821 1785 ita
852 1731 1174 1786 necessarius
1214 1742 1293 1786 est
1329 1734 1439 1805 ejus
1477 1751 1786 1800 consensuS,
1813 1743 1886 1787 rut
1924 1735 2112 1806 absque
2149 1735 2250 1788 isto

391 1821 494 1876 vim
533 1838 636 1873 uon
673 1820 894 1874 habeant
941 1815 1140 1874 concilii
1178 1821 1488 1875 oecumenici
1537 1820 1791 1893 propriam
1841 1831 1955 1876 acta
1995 1831 2247 1892 quaecuu-

392 1927 488 1980 que
525 1926 689 1979 neque
724 1907 778 1961 in
815 1908 1030 1962 materia
1067 1907 1180 1962 fidei
1218 1927 1380 1979 neque
1416 1909 1470 1961 in
1507 1908 1716 1980 negotio
1753 1907 2059 1981 discipliuae.
2119 1907 2247 1963 Cum

391 1997 439 2051 id
485 1997 597 2050 fuse
644 1995 968 2068 probaverim
1025 2013 1134 2067 cap.
1185 1996 1236 2048 2.
1286 1995 1339 2049 3.
1389 2005 1441 2050 et
1477 1996 1531 2049 4.
1593 1995 1715 2048 nihil
1762 1995 1855 2049 hoc
1897 1997 2012 2050 loco
2063 1996 2245 2049 addere

391 2093 607 2156 oportet.
680 2081 816 2155 Hinc
862 2100 987 2136 sane
1031 2081 1130 2155 ipsi
1177 2082 1460 2138 adversarii
1494 2082 1732 2138 invictam
1781 2084 1886 2139 vim
1931 2085 2246 2138 decretorum

391 2170 588 2226 concilii
625 2170 890 2243 generalis>
921 2170 1169 2225 deducunt
1205 2190 1274 2225 ex
1326 2189 1579 2225 consensu
1615 2170 1843 2243 corporis
1879 2169 2246 2244 Episcoporum

391 2279 503 2314 cum
541 2258 731 2331 capite,
770 2259 902 2329 quod
937 2256 1205 2331 Episcopis
1255 2259 1308 2312 in
1347 2259 1559 2313 concilio
1598 2257 1831 2312 adunatis
1871 2278 2129 2329 praeesse
2166 2259 2242 2311 fa-

389 2347 594 2401 tendum
632 2356 712 2400 est
747 2346 808 2399 ab
847 2345 1080 2399 omnibus
1121 2344 1322 2418 (Relat.
1363 2347 1424 2399 ad
1461 2345 1688 2400 Leonem
1730 2344 1953 2418 Papam)
1993 2365 2109 2400 cum-
2139 2344 2243 2399 Pa-

388 2435 550 2490 tribus
590 2433 1113 2502 ChalcedonensibuS,
1165 2444 1216 2488 et
1263 2453 1506 2506 praeesse
1544 2434 1883 2505 quidemnon
1920 2452 2060 2492 mera
2097 2451 2243 2506 prae—

389 2522 626 2594 rogativa
661 2521 853 2576 ordinis
877 2522 959 2576 vel
994 2520 1223 2587 honoris,
1263 2523 1349 2575 sed
1380 2524 1499 2593 jure
1535 2520 1804 2593 praecipuo
1842 2521 2086 2592 primatus
2122 2539 2241 2593 pro-

389 2609 518 2682 prio,
539 2628 636 2680 quo
663 2628 720 2663 se
746 2616 964 2663 coactos
991 2607 1188 2679 capitiS,
1217 2627 1307 2661 seu
1335 2607 1540 2679 (Relat.
1569 2608 1750 2680 synodi
1776 2607 1835 2660 ad
1864 2605 2240 2681 Coelestinum)

390 2695 670 2752 Caelestini
706 2694 890 2749 litteris
926 2693 1143 2767 professi
1179 2705 1297 2748 sunt
1333 2695 1579 2767 Ephesini
1616 2694 1823 2749 Patres,

532 2784 586 2838 9.
663 2783 1093 2837 Animadvertere
1146 2780 1412 2856 praeterea
1451 2785 1625 2855 juvat,
1679 2784 1804 2837 adeo
1850 2801 1921 2836 ex
1970 2781 2241 2838 Pontificio

386 2872 687 2944 praesertim
727 2889 978 2925 consensu
1015 2871 1233 2942 pendere
1278 2870 1380 2926 vim
1419 2871 1673 2942 generalis
1711 2869 1960 2936 Concilii‚
2007 2881 2062 2924 ut
2100 2869 2239 2925 Con-

388 2958 888 3031 stantinopolitanum
922 2960 961 3011 Ι.
1012 2959 1144 3029 quod
1195 2958 1311 3013 licet
1361 2977 1431 3014 ex
1469 2957 1832 3014 convocatione
1887 2966 1938 3012 et
1973 2957 2238 3030 Episcopis

387 3179 430 3219 in
461 3178 688 3220 indictione
718 3179 929 3231 generalis
957 3179 1106 3231 synodi
1139 3181 1181 3220 6.
1244 3180 1388 3219 Nonas
1419 3180 1515 3220 Julii
1549 3168 1781 3222 an.'1408.
1815 3178 1937 3229 (tom.
1974 3178 2042 3220 15.
2076 3179 2236 3222 Concil.

387 3238 487 3282 ven.
522 3239 624 3279 edit.
657 3241 737 3284 col,
771 3240 905 3280 1103.
941 3239 1006 3291 d.)
1050 3239 1198 3291 quibus
1230 3240 1537 3292 pronuntiavit,
1579 3238 1775 3290 generale
1803 3238 2021 3279 concilium
2056 3246 2235 3290 congre—

385 3311 491 3349 gare
531 3300 670 3340 socius
719 3300 904 3340 Romani
944 3298 1173 3349 Pontifici-s·
1213 3313 1303 3340 esse
1343 3300 1640 3350 dignoscitur,
1685 3299 1780 3339 sine
1822 3295 1944 3347 cujus
1978 3299 2236 3340 auctoritate.

379 3358 564 3409 factum,
597 3371 686 3400 non
718 3360 971 3407 concilium,
1002 3360 1076 3400 sed
1108 3360 1460 3411 conciliabulum,
1492 3363 1569 3400 aut
1599 3359 1942 3399 conventit-utum
1974 3359 2159 3410 dicitur,
2193 3359 2235 3398 id

388 3421 452 3458 est
485 3419 635 3458 nullius
667 3420 933 3460 auctoritatis
963 3432 1013 3460 ac
1044 3420 1226 3460 roboris.
