2326 3854
717 195 1271 249 *9.*-

97 378 266 438 typum
303 363 498 434 gerenti
536 363 678 414 datae
715 363 910 414 fuerunt
944 360 992 410 in
1028 360 1205 411 bonum
1232 365 1281 408 et
1307 351 1891 412 aedificationemeccle·

98 452 201 505 siae
239 452 426 521 (neque
472 447 599 500 enim
644 446 753 498 illas
789 444 973 515 Petrus
1023 442 1209 514 accepit
1253 441 1330 494 sui
1375 457 1555 503 causa,
1606 448 1656 491 et
1691 448 1893 508 propter

97 555 175 604 se,
228 545 280 588 at
315 532 571 586 Ecclesiae
613 530 806 600 gratia,
857 539 910 582 ut
945 526 1247 582 Christianis
1292 525 1514 579 omnibus
1551 524 1604 576 in
1640 541 1893 577 commune

98 618 412 692 prodesset);
430 659 450 667 ,⁴
467 628 570 669 tum
619 615 763 668 etiam
815 614 928 683 quia
975 614 1238 667 voluerunt
1285 610 1492 681 intelligi
1537 627 1706 664 veram
1738 608 1893 679 juris-

98 706 373 760 dictionem*
387 700 790 755 Ecclesiasticam
840 717 940 751 non
989 697 1203 752 inveniri
1254 697 1350 749 nisi
1395 697 1448 748 in
1482 694 1711 749 Ecclesia
1757 702 1808 747 et
1843 693 1894 745 in

96 789 298 842 unitate.
332 804 439 858 011111
474 785 660 849 Petro,
710 802 854 854 quem
893 781 1123 836 Christus
1160 782 1429 835 catholicae
1466 780 1689 834 unitatis·
1711 789 1760 832 et
1795 777 1895 832 Ec-

98 876 277 938 clesiae
325 879 468 942 caput
518 879 838 938 centrumque
886 868 1171 922 constituit:
1228 885 1323 936 qua
1372 868 1432 918 de
1477 884 1534 919 re
1580 876 1693 937 post
1737 883 1895 936 pauca

96 956 269 1011 redibit
305 974 484 1008 sermo.
545 954 665 1007 Alia
699 954 828 1006 ratio
865 953 987 1005 satis
1025 971 1244 1022 congrua
1279 970 1348 1005 ex
1372 950 1584 1005 Petavio
1611 951 1897 1020 subjicietur

95 1060 298 1094 numero
335 1041 383 1093 4.

237 1124 267 1146 ἢ

235 1147 287 1177 o.
345 1123 525 1195 Neque
562 1142 695 1182 vero
743 1132 975 1178 moveant
1017 1122 1099 1175 illa
1150 1105 1340 1176 Christi
1387 1122 1543 1175 verba
1587 1123 1713 1192 apud
1760 1121 1896 1174 Mat-

95 1162 290 1263 thaeum
338 1210 430 1274 18,
485 1209 566 1262 17.
615 1207 788 1277 (111111113
833 1208 990 1262 Petro
1042 1208 1194 1273 dixit,
1256 1209 1366 1260 Dic
1409 1209 1702 1260 Ecclesiae.
1758 1205 1896 1259 Haec

98 1314 239 1365 quam
286 1295 410 1349 male
455 1311 485 1346 a
531 1293 777 1346 nonnullis
822 1296 1092 1348 afferantur
1137 1295 1199 1347 ad
1247 1292 1631 1346 confirmandum
1676 1301 1898 1364 systema

97 1381 155 1434 de
221 1380 434 1434 clav-ibus
498 1378 783 1433 immediate
831 1381 958 1433 datis
1014 1379 1278 1434 universae
1333 1378 1562 1430 societati
1615 1377 1892 1440 Ecclesiae,

95 1484 195 1518 11011
232 1484 350 1519 vero
382 1464 540 1518 Petro
577 1464 917 1536 et·Apostolis
952 1465 1052 1518 nisi
1087 1475 1320 1534 tanquam
1359 1463 1598 1516 ministris
1622 1461 1896 1526 Ecclesiae,

99 1569 168 1603 ex
212 1560 317 1602 toto
361 1559 601 1603 contextu
639 1560 690 1602 et
727 1569 796 1604 ex
831 1561 1071 1622 perpetua
1105 1548 1362 1604 Ecclesiae
1398 1549 1548 1621 praxi
1585 1548 1896 1600 manifestum

99 1645 192 1688 est.
266 1635 451 1705 Agitur
488 1635 667 1690 ibidem
703 1637 764 1688 de
800 1636 1110 1690 correctione
1144 1637 1347 1702 fratriS,
1388 1636 1470 1705 qui
1501 1634 1708 1687 Petrum
1745 1633 1898 1686 offen-

101 1721 270 1773 disset.
355 1719 499 1773 Hunc
546 1721 775 1791 privatim
836 1721 991 1791 primo
1050 1723 1273 1774 fraterno
1332 1740 1501 1774 amore
1555 1719 1897 1788 corrigendum

100 1803 328 1858 Christus
365 1805 546 1859 docuit«.
611 1803 801 1872 Quodsi
834 1807 1075 1860 inutiliter
1112 1808 1279 1872 cedat,
1309 1807 1460 1878 jussit
1497 1805 1716 1858 adbiberi
1750 1823 1899 1856 unum

100 1900 274 1943 testem
321 1892 402 1944 vel
438 1892 586 1956 duos3
637 1901 687 1943 et
723 1892 961 1960 siquidem
1000 1893 1050 1944 hi
1087 1911 1279 1962 quoque
1316 1892 1437 1944 nihil
1464 1891 1761 1961 proficiant,
1813 1893 1900 1942 dic

99 1978 388 2037 Ecclesiae,
423 1976 615 2045 inquit,
653 1977 936 2046 addensque
969 1978 1165 2030 statim:
1203 1982 1252 2030 si
1276 1986 1445 2030 autem
1474 1979 1768 2030 Ecclesiam
1792 1995 1898 2028 non

99 2064 353 2122 audierit„
389 2065 459 2113 sit
489 2063 585 2115 tibi
610 2065 746 2115 sicut
770 2064 1005 2118 ethnicas
1032 2073 1084 2116 et
1108 2066 1458 2133 publicanas,
1496 2061 1899 2115 excommunica-

98 2145 282 2199 tionem
320 2156 492 2217 aperte
529 2146 852 2217 significavit,
890 2164 986 2217 qua
1022 2150 1102 2202 ille
1140 2149 1391 2220 praecisus
1417 2149 1478 2201 ab
1504 2147 1762 2201 Ecclesiae
1787 2165 1899 2200 cor-

98 2249 217 2301 pore
270 2232 520 2293 habendus
579 2233 646 2284 sit
698 2234 834 2286 velut
883 2233 1107 2287 ethnicus
1154 2245 1204 2287 et
1250 2234 1550 2305 publicanus.
1627 2236 1900 2287 Ecclesiae

99 2316 252 2384 igitur
285 2317 509 2380 nomine,
548 2317 624 2370 cui
662 2318 982 2371 denuntiandi
1019 2320 1120 2371 sint
1157 2318 1437 2382 criminosi,
1477 2328 1559 2382 ut,
1598 2319 1642 2370 si
1678 2337 1778 2369 11011
1817 2336 1898 2369 ac·-

101 2401 356 2468 quiescant
392 2404 497 2472 ejus
526 2402 740 2471 judicic,
791 2404 1252 2456 excommunicandi
1291 2404 1426 2467 sint,
1478 2402 1673 2471 quinam
1719 2402 1899 2454 intelli-

100 2485 244 2556 gendi
282 2486 376 2538 nisi
411 2486 509 2551 illi,
548 2487 628 2555 qui
659 2489 744 2557 jus
782 2487 987 2540 clavium
1027 2499 1076 2541 et
1112 2489 1296 2559 ligandi
1322 2487 1648 2556 <solvendique
1680 2495 1899 2556 potesta-

100 2580 196 2623 tem
235 2581 528 2642 acceperunt
565 2591 593 2623 a
632 2569 903 2625 Christo?
945 2573 1053 2626 Hos
1098 2584 1261 2627 autem
1298 2592 1395 2626 11011
1434 2573 1588 2625 fuisse
1623 2581 1778 2624 totam
1817 2591 1899 2624 so-

102 2655 326 2710 cietatem
351 2654 624 2721 Ecclesiae,
662 2657 800 2710 laicis
838 2674 1030 2728 quoque
1065 2659 1355 2728 feminisque
1391 2658 1777 2730 comprehensis,
1816 2659 1901 2711 sed

101 2739 307 2793 Petrum
353 2753 402 2793 et
437 2741 739 2811 Apostolos,
787 2754 923 2814 patet
969 2745 1145 2804 exiis
1192 2763 1318 2814 quae
1366 2762 1487 2796 mox
1524 2743 1630 2814 ipse
1668 2740 1899 2796 Christus

105 2825 336 2876 subdidit:
374 2825 537 2889 Amen
575 2829 695 2880 dico
748 2829 948 2883 Vobis:
975 2814 1329 2899 Quaecunque
1365 2832 1714 2898 alliqaveritis
1740 2849 1900 2898 super

105 2918 302 2965 terram
349 2917 442 2962 etc.
495 2911 677 2972 Vobis,
719 2913 903 2982 inquit,
947 2932 1046 2967 non
1093 2915 1317 2968 omnibus
1365 2914 1603 2968 ecclesiae
1650 2915 1898 2967 membris,

103 2993 224 3049 Jure
262 3013 382 3064 ergo
420 2993 476 3047 S.
515 2994 1154 3071 Joannestrysostomus
1191 2999 1242 3051 in
1268 2998 1451 3052 Matth.
1492 3018 1531 3052 c.
1578 3001 1655 3054 18.
1694 3000 1777 3052 illa
1813 3003 1900 3052 dic

106 3196 212 3232 stum
240 3192 318 3243 ipsi
349 3204 428 3232 non
460 3205 611 3232 merum
644 3193 821 3233 officium
853 3196 1226 3245 repraesentandae
1256 3195 1427 3233 unitatis
1460 3195 1674 3241 tribuisse,
1718 3193 1791 3232 sed
1822 3195 1900 3233 vim

106 3251 364 3302 praecipuam
395 3251 449 3290 ad
479 3264 568 3291 eam
597 3252 870 3299 formandam,
904 3253 1267 3303 continentiamque
1297 3253 1340 3291 in
1370 3252 1580 3297 Ecclesia,
1613 3264 1716 3303 quae
1738 3252 1801 3291 vis
1820 3253 1899 3305 pri-

108 3309 232 3348 matui
263 3320 344 3348 non
375 3310 474 3350 meri
505 3310 674 3350 honoris
707 3317 748 3350 et
779 3312 959 3357 ordinis,
993 3311 1077 3350 sed*
1096 3322 1220 3350 verae
1244 3309 1549 3361 jurisdictionis
1573 3311 1807 3350 necessaria
1822 3315 1898 3353 est.

108 3368 235 3463 011ιῖιὲ
276 3368 318 3406 in
350 3379 439 3464 {e'lm
461 3369 717 3466 ¹:coligerenda
749 3374 867 3409 erunt
899 3370 1099 3410 adnotata
1130 3371 1169 3409 in
1199 3370 1420 3410 Pacianum
1451 3373 1492 3409 et
1524 3371 1718 3422 Opmtum
1737 3370 1898 3424 'ibidem

110 3436 146 3462 c.
235 3454 244 3468 ,
278 3437 316 3466 n.
418 3435 459 3465 ’0
569 3458 579 3469 .
