2326 3854
1168 162 1311 200 XLVI

314 305 566 359 decreta
612 311 727 360 aut
772 304 1169 379 definitiones
1227 309 1342 360 aut
1382 304 1734 361 sententiae
1787 304 1980 362 etiam
2022 325 2164 364 ma-

295 395 516 464 jorum
567 392 826 449 Sedima
881 413 1009 451 non
1057 398 1576 468 acceptarentur,
1638 392 1764 451 nisi
1812 395 2168 471 recoquitae

305 480 585 554 fuissent
642 486 703 538 et
763 481 1150 559 approbatae
1207 502 1248 538 a
1313 482 1562 556 Synodo
1614 481 2019 556 dioecesana,
2083 518 2161 527 —-

313 570 480 647 falsa,
523 572 848 647 temeraria,
897 569 1182 648 derogans
1211 587 1313 646 pro
1345 589 1449 627 sua
1479 573 1857 647 generalitate
1891 572 2165 630 obedien-

309 661 424 715 tiae
471 658 688 715 debitae
735 660 1212 716 constitutionibus
1253 657 1622 735 Apostolicis,
1671 665 1787 717 tum
1830 666 1888 719 et
1929 667 2165 720 senten-

311 748 400 802 tiis
447 748 513 803 ab
559 745 910 803 hierarchica
954 750 1243 824 superiore
1287 745 1543 824 legitima
1598 753 1879 824 potestate
1923 767 2165 807 manan-

311 837 493 910 tibus,
541 833 783 891 schisma
829 835 1028 893 fovens
1076 840 1134 893 et
1175 833 1521 893 haeresim.“

440 921 618 979 Hisce
650 923 1008 1001 adjungimus
1049 925 1292 1000 fraude
1326 925 1554 1000 plenae
1594 924 1981 983 temeritatis
2023 943 2166 983 cen-

310 1029 499 1068 suram
530 1028 790 1090 gravem,
823 1031 933 1088 qua
961 1013 1098 1070 Pius
1116 1011 1218 1070 VI.
1250 1011 1653 1071 Pistoriensem
1682 1011 1982 1087 Synodum
2011 1016 2166 1071 mul-

309 1105 410 1178 tat,
459 1101 604 1175 quod
650 1101 932 1180 „pridem,
981 1104 1079 1175 ait,
1125 1104 1491 1178 improbatam
1538 1105 1604 1159 ab
1640 1101 1973 1178 Apostolica
2010 1101 2167 1159 Sede

310 1192 618 1246 conventus
679 1190 950 1266 gallicani
994 1186 1451 1248 Declarationem
1497 1193 1625 1247 anni
1672 1191 1861 1250 1682.
1909 1210 2050 1248 ausa
2095 1193 2169 1248 sit

308 1296 418 1335 non
465 1276 820 1352 amplissimis
866 1280 1027 1338 modo
1074 1281 1328 1336 laudibus
1376 1297 1688 1357 exornare,
1733 1281 1833 1337 sed
1880 1298 1987 1356 quo
2034 1298 2165 1336 ma-

297 1372 485 1440 jorem
530 1366 612 1421 illi
644 1369 1031 1424 auctoritatem
1076 1368 1436 1440 conciliaret,
1496 1386 1620 1424 eam
1667 1371 1721 1424 in
1751 1367 2061 1426 Decretum
2094 1370 2168 1424 de

303 1455 433 1528 fide
477 1455 800 1529 inscrIptum
843 1456 1109 1514 insidiose
1139 1456 1448 1532 includere,
1497 1458 1763 1514 articulos
1811 1460 1865 1513 in
1894 1458 1992 1514 illa
2021 1475 2164 1515 con-

309 1546 492 1600 tentos
539 1542 725 1618 palam
771 1543 1065 1622 adoptare,
1113 1549 1171 1602 et
1216 1561 1359 1620 quae
1400 1547 1639 1620 sparsim
1684 1564 1788 1621 per
1832 1546 1938 1602 hoc
1985 1546 2166 1621 ipsum

306 1631 612 1688 Decretum
644 1632 848 1687 tradita
893 1638 1043 1709 sunt,
1075 1634 1274 1689 horum
1317 1635 1676 1689 articulorum
1721 1635 1945 1709 publica
1975 1638 2032 1690 et
2060 1651 2166 1691 so-

306 1720 475 1775 lemni
521 1717 875 1795 professione
921 1723 1244 1798 obsignare.
1322 1718 1448 1792 Quo
1481 1738 1620 1777 sane
1664 1739 1774 1778 non
1807 1720 1987 1779 solum
2019 1741 2166 1800 gra-

306 1810 431 1865 vior
474 1808 650 1883 longe
695 1823 759 1862 se
803 1806 984 1866 Nobis
1031 1810 1197 1867 offert
1242 1808 1312 1865 de
1360 1807 1637 1886 Synodo,
1695 1828 1857 1885 quam
1902 1809 2166 1868 Praede-

307 1896 626 1954 cessoribus
686 1899 892 1953 nostris
950 1898 1122 1955 fuerit
1179 1898 1247 1953 de
1309 1900 1544 1954 comitiis
1602 1898 1714 1953 illis
1774 1899 2167 1974 expostulandi

306 1987 471 2063 ratio,
521 1984 622 2041 sed
669 1988 726 2041 et
768 1986 991 2060 ipsimet
1028 1987 1349 2063 gallicanae
1377 1984 1679 2043 Ecclesiae
1723 2002 1833 2043 non
1878 1988 2023 2044 levis
2069 1989 2163 2044 in-

297 2075 452 2146 juria
510 2075 830 2150 irrogatur,
901 2092 1064 2151 quam
1125 2075 1352 2151 dignam
1399 2071 1671 2147 Synodus
1734 2077 2165 2153 existimaverit,

308 2167 466 2235 cujus
500 2163 800 2218 auctoritas
849 2165 904 2218 in
949 2165 1315 2239 patrocinium
1345 2168 1645 2219 vocaretur
1693 2178 1976 2242 errorum,
2035 2166 2164 2239 qui-

307 2254 407 2307 bus
455 2251 593 2307 illud
638 2254 726 2306 est
771 2253 1203 2309 contaminatum
1248 2249 1624 2308 Decretum.“
2231 2321 2233 2327 k

439 2337 671 2415 „Quam
716 2338 785 2394 ob
834 2358 991 2417 rem,
1038 2342 1230 2417 pergit
1273 2339 1445 2417 Pius,
1496 2356 1639 2415 quae
1687 2345 1815 2397 acta
1855 2345 2165 2397 conventus

306 2428 597 2504 gallicani,
644 2443 778 2484 mox
826 2433 886 2485 ut
930 2428 1273 2507 prodierunt,
1320 2427 1744 2486 Praedecessor
1777 2429 1992 2485 Noster
2016 2427 2164 2485 Ven.

304 2515 660 2572 Innocentius
681 2513 790 2571 XI.
825 2535 927 2591 per
961 2518 1178 2574 litteras
1209 2519 1264 2572 in
1297 2517 1476 2574 forma
1497 2516 1702 2573 Brevis
1732 2517 1821 2573 'dle
1859 2518 1958 2573 11.
1982 2515 2164 2592 Apri-

304 2606 375 2661 lis
405 2604 619 2682 1682„
665 2607 797 2679 post
841 2610 1029 2661 autem
1068 2606 1394 2680 expressius
1424 2603 1755 2661 Alexander
1775 2602 1932 2661 VIII.
1967 2603 2163 2663 Const.

309 2693 487 2748 Inter
532 2689 912 2768 Multiplices
942 2695 1045 2751 >die
1091 2694 1154 2751 4.
1201 2691 1451 2770 Augusti
1497 2710 1548 2749 a.
1602 2692 1793 2750 1690.
1847 2711 1949 2769 pro
1993 2693 2162 2770 Apo-

306 2783 488 2840 stolici
549 2784 636 2839 sni
695 2784 938 2839 muneris
996 2784 1217 2839 ratione
1271 2783 1682 2857 improbarunt,
1753 2782 2162 2859 rescinderunt,

304 2869 462 2927 nulla
509 2875 566 2927 et
609 2872 766 2927 irrita
814 2869 1200 2927 declararunt:
1245 2871 1419 2927 multo
1463 2870 1661 2926 fortius
1695 2872 1878 2948 exigit
1922 2890 1956 2926 a
1987 2869 2164 2927 Nobis

304 2957 604 3035 pastoralis
650 2959 964 3016 sollicitudo
1011 2963 1296 3016 recentem
1340 2959 1540 3015 horum
1586 2958 1792 3015 factam
1835 2961 1890 3015 in
1922 2957 2162 3033 Synodo

305 3052 387 3105 tot
431 3047 581 3104 vitiis
629 3049 888 3104 affectam
937 3048 1312 3125 adoptionem,
1360 3049 1517 3104 velut
1562 3048 1939 3123 temerariam,
1987 3062 2162 3103 scan-

307 3136 578 3215 dalosam,
628 3155 695 3193 ac
741 3139 1075 3213 praesertim
1121 3141 1249 3212 post
1301 3136 1450 3192 edita
1494 3134 2005 3191 Praedecessorum
2050 3151 2161 3191 no—

309 3229 549 3282 strorum
580 3225 869 3302 Decreta,
916 3225 1046 3282 huic
1079 3224 1445 3302 Apostolicae
1490 3221 1630 3280 Sedi
1667 3237 2019 3299 summopere
2066 3223 2161 3279 in-

299 3315 576 3384 juriosam
631 3314 936 3389 reprobare
996 3332 1063 3370 ac
1120 3315 1420 3388 damnare,
1487 3314 1652 3386 prout
1697 3326 1819 3367 eam
1880 3313 2162 3386 praesenti

306 3401 414 3457 hac
461 3407 652 3458 nostra
696 3398 1110 3459 Constitutione
1156 3401 1542 3476 reprobamus,
1570 3402 1646 3454 vet
1691 3397 2046 3476 damnamuS,
2095 3418 2161 3456 ac

308 3507 409 3564 pro
456 3491 753 3564 reprobata
800 3493 858 3545 et
902 3488 1164 3546 damnata
1206 3489 1402 3545 haberi
1447 3484 1774 3543 volumus.“
