2326 3854
712 180 1311 235 *67*-

115 364 180 398 ex
218 344 467 415 principiis
506 342 826 406 Tertulliani,
876 341 1127 394 Vincentii
1166 339 1445 392 Lirinensis
1483 348 1535 391 et
1573 340 1775 391 aliorum
1812 338 1914 392 Pa-

110 440 269 482 trum:
307 430 537 498 dogmata
574 427 702 480 enim
739 427 847 479 fidei
885 445 992 479 cum
1032 445 1100 479 ex
1139 423 1444 478 revelatione
1481 423 1674 488 divina,
1724 442 1811 475 seu
1848 443 1915 476 ex

113 514 351 578 doctrina,
390 531 533 581 quam
572 509 801 564 Christus
838 522 921 562 aut
947 506 1162 581 Spiritus
1201 517 1400 562 sanctus
1424 508 1698 579 Apostolos
1734 508 1914 571 docuit,

113 597 448 669 provenerint,
484 613 613 649 nova
649 613 760 648 esse
796 613 894 646 non
932 605 1167 666 possunt3
1206 594 1431 663 quidquid
1470 603 1631 645 autem
1668 589 1913 663 posterius

114 684 358 735 inductum
403 680 649 748 antiquam
697 678 938 748 originem
988 679 1158 747 nequit
1207 679 1496 743 ostendere,
1544 696 1643 730 non
1693 678 1914 730 revelato

113 766 356 837 dogmati,
411 766 497 817 sed
545 763 705 816 errori
756 763 1097 833 deputandum.
1179 761 1318 814 Fieri
1366 763 1556 831 quidem
1610 771 1803 833 potest,
1860 770 1914 813 ut

113 851 332 904 doctrina
380 849 618 918 aliqua-a
669 845 869 900 Christo
926 853 976 899 ct
1005 848 1084 913 ,ab
1121 847 1377 917 Apostolis
1426 846 1637 910 tradita,
1694 865 1817 915 quae
1853 847 1914 899 ab

113 935 252 987 initio
296 933 554 986 Ecclesiae
601 932 862 1002 explorate
911 932 1138 1002 cognita,
1194 941 1303 984 erat
1353 941 1541 984 certum
1591 933 1796 1002 dogma,
1846 933 1917 984 ita

113 1036 256 1072 eursu
311 1017 546 1089 temporis
595 1015 840 1069 hominum
891 1017 1210 1087 ,opinionibus
1275 1016 1780 1086 disputationibusque
1831 1017 1918 1068 ob-

113 1105 352 1167 fuscetur,
391 1112 445 1153 ut
481 1101 706 1170 quamdiu
740 1101 872 1153 inter
909 1101 1177 1154 catholicos
1227 1088 1636 1170 controversatur
1684 1111 1798 1152 ante
1835 1101 1917 1155 de-

98 1188 383 1240 finitionem
412 1173 689 1249 Ecclesiae,
727 1195 905 1238 neutra
943 1202 1012 1237 ex
1048 1194 1190 1254 parte
1228 1185 1404 1253 dogma
1442 1195 1628 1236 certum
1675 1194 1917 1254 suppetat,

114 1291 205 1325 nec
242 1271 477 1324 haeretici
512 1272 786 1323 habeantur
810 1279 1179 1340 propugnantes
1206 1269 1521 1332 sententiam,
1561 1287 1687 1337 quae
1715 1269 1919 1321 subinde

113 1357 393 1409 definitione
416 1342 680 1409 Ecclesiae
712 1373 856 1407 error
894 1363 944 1406 et
979 1354 1106 1405 falsa
1143 1354 1436 1406 declaretur.
1488 1352 1562 1404 Ita
1590 1352 1645 1406 S.
1676 1352 1921 1424 Cypriani

114 1450 163 1492 et
201 1441 404 1492 aliorum
440 1439 644 1492 Africae
680 1439 934 1507 Asiaeque
970 1437 1324 1508 Episcoporum
1371 1437 1536 1507 opinio
1584 1439 1642 1489 de
1677 1437 1919 1507 baptismo

116 1534 269 1577 extra
305 1524 577 1578 Ecclesiam
616 1525 792 1577 collato
830 1523 1051 1576 haeresis
1088 1541 1188 1574 non
1225 1523 1331 1586 fuit,
1371 1532 1630 1591 antequam
1667 1521 1921 1575 Ecclesiae

117 1609 330 1662 definitio
368 1609 610 1679 prodiret:
665 1618 714 1660 et
760 1607 984 1659 similiter
1029 1608 1295 1660 haereseos
1333 1607 1498 1659 notari
1537 1605 1705 1675 nequit
1751 1625 1919 1659 eorum

118 1692 402 1761 ceteroquin
428 1689 776 1745 catholicorum
801 1691 1065 1756 sententia,
1105 1692 1182 1760 qui
1221 1711 1276 1744 re
1313 1693 1524 1744 nondum
1562 1692 1761 1743 definita
1786 1710 1918 1743 sum-

116 1796 222 1830 mos
259 1776 528 1830 Pontifices
566 1776 898 1830 Conciliorum
937 1776 1239 1846 generalium
1288 1776 1620 1846 jurisdictioni
1667 1786 1717 1828 et
1754 1786 1921 1828 aucto-

117 1862 253 1914 ritati
281 1862 567 1931 subjiciunt.
641 1859 793 1918 Juvat
830 1861 1142 1913 nihilominus
1169 1860 1459 1931 disputando
1499 1860 1637 1929 hujus
1676 1861 1921 1931 opinionis

116 1947 359 2017 originem,
395 1963 664 2015 quaerere3
705 1955 779 2009 et,
818 1946 861 1996 si
898 1945 1014 1997 mihi
1051 1946 1279 1997 succedat
1319 1946 1607 2008 ostendere,
1648 1964 1752 1997 eam
1790 1946 1922 1996 inter

116 2031 380 2084 catholicos
417 2030 613 2085 noviter
655 2030 900 2081 inductam
952 2039 1098 2098 atque
1136 2039 1411 2099 susceptam
1461 2029 1722 2081 occasione
1768 2029 1921 2082 schis-

117 2116 259 2168 matis
295 2114 668 2186 pertinacissimi
704 2115 794 2166 sub
818 2124 1008 2184 tempus
1036 2112 1368 2166 Conciliorum
1394 2113 1567 2166 Pisani
1594 2124 1643 2166 et
1669 2112 1921 2166 Constan-

71 2202 75 2205 ’
116 2201 317 2264 tiensiS,
354 2200 543 2252 falsitas
581 2201 684 2269 ejus
721 2200 828 2269 ipsa
866 2199 1085 2252 novitate
1123 2199 1557 2251 demonstrabitur.

961 2356 1007 2423 ς.
1047 2354 1086 2406 1.

263 2468 320 2508 De
348 2468 482 2518 gestis
516 2468 797 2509 conciliorum
827 2469 1089 2519 generalium
1118 2479 1250 2519 usque
1280 2467 1335 2507 ad
1366 2470 1553 2506 octavam
1586 2465 1794 2517 synodum

861 2538 1182 2567 oecumemcam.

265 2620 293 2641 n

220 2646 222 2648 *
262 2642 313 2671 o.
389 2618 513 2673 Cum
543 2622 644 2690 jam
682 2620 794 2673 inde
819 2622 879 2673 ab
904 2621 1043 2673 initio
1069 2619 1325 2673 Ecclesiae
1364 2637 1432 2671 ex
1468 2629 1722 2689 perspecta
1762 2618 1924 2671 divina

126 2702 372 2756 Pontificii
395 2704 630 2774 primatus
667 2705 978 2759 institutione
1018 2707 1328 2776 exploratum
1367 2704 1500 2756 inter
1539 2703 1807 2756 catholicos
1849 2721 1927 2755 es-

127 2797 231 2850 set,
282 2786 535 2839 Romanos
571 2787 840 2842 Pontifices
880 2790 1271 2859 jurisdictionem
1320 2790 1501 2840 babere
1542 2788 1606 2841 ,in
1641 2788 1925 2846 >universam

125 2869 424 2944 Ecclesiam,
492 2889 606 2922 num
658 2872 838 2924 eisdem
895 2875 1156 2925 subessent
1218 2874 1322 2943 ipsa
1384 2871 1638 2942 generalia
1704 2871 1926 2934 concilia,

127 2973 253 3024 quae
291 2955 617 3008 universalem
656 2953 928 3008 Ecclesi'am
964 2966 1373 3026 repraesentant,
1424 2957 1546 3028 apud
1583 2956 1692 3006 illos
1731 2956 1925 3006 dubium

126 3057 223 3090 non
262 3039 369 3090 fuit.
445 3037 550 3090 Soli
589 3039 823 3091 haeretici
858 3050 970 3110 post
996 3040 1447 3092 condemnationem
1475 3058 1674 3091 suorum
1701 3058 1926 3091 errorum

128 3123 422 3194 appellantes
460 3142 489 3174 a
513 3121 684 3193 Papae
710 3123 959 3175 sententia
994 3125 1054 3175 ad
1089 3125 1328 3194 synodum
1367 3123 1747 3186 oecumenicam,
1785 3124 1927 3193 hujus

129 3208 469 3260 auctoritatem
505 3206 770 3260 Pontificia
808 3209 1110 3278 superiorem
1146 3208 1450 3276 praetulere:
1499 3199 1759 3276 appellatio
1799 3207 1927 3258 enim

129 3290 323 3361 proprie
375 3292 502 3344 dicta
547 3293 611 3358 ab
661 3292 884 3344 inferiori
938 3293 995 3343 ad
1047 3291 1348 3362 superiorem
1392 3292 1624 3343 defertur.
1698 3291 1772 3342 At
1821 3310 1928 3344 eum

53 3396 59 3399 ·
130 3373 221 3442 ipsi
270 3375 327 3433 ad
378 3375 424 3426 id
469 3377 782 3447 proruperint
827 3395 925 3429 non
973 3395 1039 3428 ex
1091 3375 1326 3431 catholico
1374 3393 1522 3428 sensu
1562 3375 1759 3442 (omnes
1798 3376 1926 3428 enim

1516 3459 1587 3508 5*
