2326 3854
1214 183 1383 222 XXXII

369 339 421 417 ξ.
455 341 516 399 3.
549 341 878 415 ostendere,
926 343 982 397 in
1012 340 1249 396 decretis
1282 336 1445 396 SeSS.
1470 335 1573 398 lv.
1599 343 1656 396 et
1673 337 1748 396 V.
1783 335 2021 397 Concilii
2052 335 2216 398 Con-

368 431 686 487 stantiensis
735 431 834 507 agi
890 428 960 485 de
1006 424 1257 483 Concilio
1306 443 1560 484 seorsum
1616 432 1831 503 sumpto
1880 446 1914 483 a
1956 426 2216 486 Romano

366 517 659 596 Pontifice,
709 523 765 575 et
810 519 898 573 cui
924 514 1190 572 Pontifex
1236 515 1583 573 collaborare
1630 517 1787 594 nolit,
1838 519 2070 591 ejusque
2115 534 2218 572 re-

369 611 527 663 cuset
570 605 842 662 mandatis
887 621 1105 678 parere.
1178 601 1484 661 Decretum
1513 604 1896 669 Florentinum
1937 621 2003 660 eo
2036 605 2217 661 inter-

365 698 639 770 pretatur,
673 696 735 748 ut
765 692 983 766 quidem
1005 689 1326 749 Romanum
1348 690 1677 750 Pontificem
1708 694 2054 768 superiorem
2089 709 2218 748 esse

369 801 441 838 ex
499 781 684 837 divina
738 773 1084 837 institutione
1141 778 1380 837 affirmet
1433 779 1734 856 Episcopis
1791 799 1895 837 seu
1940 779 2219 837 Ecclesiis

367 869 710 925 distributive
734 871 988 946 sumptis,
1015 873 1073 926 at
1096 869 1260 924 simul
1286 868 1604 945 contendat,
1627 867 1942 945 Episcopos
1965 887 2066 925 seu
2089 866 2218 925 Ec-

367 958 570 1013 clesias
596 956 891 1013 collective
924 959 1173 1033 sumptas
1199 957 1321 1012 sive
1358 957 1412 1013 in
1440 952 1692 1013 Concilio
1717 958 1839 1013 sive
1866 961 2030 1013 extra
2054 952 2218 1014 Con-

365 1046 551 1102 cilium
575 1046 894 1121 superiores
922 1062 1049 1102 esse
1075 1043 1335 1101 Romano
1361 1044 1648 1120 Pontifici3
1694 1045 1859 1101 immo
1891 1061 2028 1101 vero
2056 1040 2219 1102 Gon-

366 1134 551 1190 cilium
593 1133 892 1212 generale,
939 1150 1043 1190 seu
1089 1137 1309 1191 coetum
1331 1131 1741 1210 Episcoporum
1771 1150 2026 1190 seorsum
2058 1151 2218 1190 sum-

364 1226 584 1298 ptorum
630 1241 665 1278 a
693 1220 952 1279 Romano
982 1220 1275 1300 Pontifice,
1323 1239 1535 1299 cogere
1579 1238 1750 1298 posse
1781 1220 2109 1279 Pontificem
2149 1221 2220 1277 ad

367 1309 647 1367 servanda
690 1309 1037 1387 Disciplinae
1082 1311 1330 1388 decreta,
1377 1313 1667 1387 ipsumque
1711 1314 2012 1386 praeterea
2055 1310 2219 1366 relu-

367 1402 608 1455 ctantem
653 1398 955 1475 deponere.
1050 1394 1265 1469 Quodsi
1313 1417 1347 1454 a
1391 1416 1482 1455 me
1529 1401 1911 1476 quaesiVeriS,
1958 1397 2104 1455 unde
2165 1401 2222 1455 et

367 1504 474 1562 quo
522 1504 597 1544 ex
632 1489 900 1564 principio
933 1504 1170 1545 erroneo
1196 1484 1420 1543 Natalis
1453 1486 1807 1545 descenderit
1837 1487 1906 1543 ad
1937 1488 2045 1543 ista
2076 1503 2218 1543 con-

366 1576 631 1652 sectaria,
677 1579 935 1650 systema
963 1577 1183 1633 nomino
1207 1573 1464 1632 Richerii
1495 1577 1819 1652 adoptatum
1844 1592 2002 1648 esse3
2051 1575 2219 1649 quin-

364 1665 529 1720 immo
586 1661 811 1720 Natalis
857 1665 979 1738 ipse
1033 1663 1185 1720 haud
1238 1665 1473 1720 obscure
1529 1663 1769 1741 indicat,
1840 1664 2220 1720 aristocratico

366 1768 466 1808 suo
528 1751 826 1825 systemati
883 1750 1289 1808 Richerianam
1350 1751 1746 1811 democratiam
1807 1751 2221 1810 fundamentum

367 1856 515 1895 esse.
563 1838 747 1911 Quum
793 1841 939 1896 enim
983 1838 1139 1897 Diss.
1161 1838 1323 1897 VIII.
1368 1839 1520 1898 Hist.
1566 1837 1727 1897 Eccl.
1775 1838 1944 1898 Saec.
1980 1838 2116 1895 XV.
2165 1842 2222 1895 et

362 1925 528 1985 XVI.
559 1929 746 1984 multis
778 1926 1194 1986 Richerismum
1224 1929 1552 2007 probasset,
1597 1927 1824 1985 tandem
1854 1946 1910 1984 n.
1935 1927 2041 1986 54.
2074 1944 2218 1983 con-

367 2016 567 2074 cludit:
617 2014 759 2095 „Ex
788 2016 877 2074 his
908 2033 1076 2093 porro
1110 2018 1357 2074 omnibus
1391 2016 1624 2073 evidens
1657 2018 1845 2095 est,..
1865 2056 1881 2072 .
1913 2017 2219 2073 inconcus-

366 2121 490 2161 sum
533 2122 761 2162 manere
806 2106 1132 2182 principium
1173 2104 1311 2162 illud
1349 2122 1423 2162 ex
1454 2102 1748 2181 Scriptura
1777 2122 1943 2162 sacra
1974 2108 2030 2161 et
2060 2103 2218 2160 'Pra-

365 2192 572 2250 ditione
619 2197 930 2271 acceptum,
979 2197 1037 2250 et
1081 2212 1116 2250 a
1147 2190 1210 2252 S.
1244 2191 1566 2271 Augustino
1606 2196 1822 2271 aperte,
1871 2192 2218 2269 frequenter,

365 2286 800 2356 perseveranter
845 2281 1106 2339 traditum
1153 2285 1209 2338 et
1252 2281 1622 2354 inculcatum,
1672 2282 1877 2338 claves
1922 2280 2039 2338 toti
2079 2280 2218 2336 Ec·-

368 2368 590 2427 clesiae
637 2389 678 2425 a
726 2368 978 2426 Christo
1025 2371 1243 2443 datas,
1301 2368 1658 2426 immediate
1702 2368 1827 2446 ipsi
1858 2365 2139 2427 'collatam
2186 2387 2221 2424 a

365 2455 590 2533 Sponso
623 2460 978 2516 autoritatem
1005 2458 1221 2536 ligandi
1257 2461 1313 2515 et
1343 2458 1628 2533 solvendi3
1673 2461 2006 2534 potestatem
2028 2457 2218 2531 juris-

364 2544 616 2602 dictionis
647 2548 704 2603 in
733 2550 851 2604 tota
882 2547 1303 2604 universalitate
1325 2545 1626 2604 Ecclesiae
1657 2547 2036 2625 principaliter
2060 2546 2219 2601 resi-

367 2633 533 2692 dere:
568 2634 714 2710 quod
743 2653 913 2692 unum
933 2638 1118 2691 estex
1151 2634 1522 2694 fundamentis
1549 2636 1880 2707 sententiae,
1915 2649 2078 2710 quam
2090 2631 2218 2690 Ec-

366 2722 543 2779 clesia
589 2726 646 2778 et
689 2719 752 2781 S.
783 2722 1051 2780 Facultas
1097 2718 1442 2783 Parisiensis
1486 2727 1840 2801 propugnat,
1889 2723 2219 2799 asserentiS,

367 2806 681 2868 Concilium
705 2813 1123 2869 oecumenicum
1155 2814 1411 2887 superius
1445 2830 1574 2869 esse
1596 2811 1856 2870 Romano
1879 2807 2218 2868 Pontifice.“

364 2898 560 2976 Itaque
589 2895 814 2957 Natalis
859 2902 1015 2958 nobis
1063 2901 1229 2957 etiam
1277 2918 1341 2956 se
1385 2904 1590 2960 testem
1622 2901 1807 2973 offert,
1853 2898 2218 2957 Declaratio-

365 3005 493 3044 nem
537 2989 701 3045 istam
745 2989 1084 3066 gallicanam
1131 2987 1200 3044 de
1252 2988 1436 3047 1682.
1543 2988 1798 3047 Richerii
1861 2986 2218 3044 fundamento

366 3078 521 3134 inniti
532 3097 551 3152 3
573 3079 705 3148 jure
736 3079 932 3134 merito
963 3078 1124 3152 proin
1154 3079 1269 3132 tum
1299 3079 1596 3152 reprobata
1619 3082 1706 3134 est
1733 3095 1769 3132 a
1799 3072 1954 3132 Sede
1980 3077 2219 3150 aposto—

365 3166 477 3222 lica
504 3166 613 3222 ista
634 3163 990 3242 Declaratio,
1020 3169 1134 3222 tum
1157 3163 1415 3242 Natalis,
1462 3182 1588 3222 eam
1617 3163 1989 3240 defendentis,
2021 3179 2216 3239 opera,

370 3270 511 3328 quae
559 3257 616 3310 et
645 3251 1004 3312 Jansenianis
1034 3254 1279 3330 partibus
1325 3253 1478 3311 miris
1508 3251 1687 3309 modis
1721 3270 1831 3309 non
1862 3268 1971 3307 uno
2004 3252 2060 3307 in
2090 3251 2216 3307 loco

368 3341 583 3419 favent,
628 3343 940 3418 proscripta
984 3345 1112 3398 sunt
1157 3345 1214 3399 et
1242 3342 1299 3398 in
1339 3339 1736 3417 prohibitorum
1766 3340 2032 3398 librorum
2063 3338 2214 3395 indi-

369 3447 490 3487 cem
533 3431 750 3505 relata3
796 3432 853 3487 in
900 3432 1094 3506 quibus
1126 3433 1467 3506 quantopere
1499 3430 1777 3505 antiquam
1809 3427 2215 3485 orthodoxam-

369 3536 473 3594 que
503 3516 801 3576 Ecclesiae
850 3518 1155 3577 doctrinam
1193 3518 1262 3575 de
1293 3515 1579 3576 Pontificio
1625 3519 1864 3594 primatu
1912 3534 2215 3594 oppugna-
