2326 3854
722 148 1318 232 491-—

59 372 82 382 2
119 344 170 394 in
206 342 311 412 ipso
351 341 536 394 coactis
573 340 664 392 fuit
699 341 933 411 generale
972 339 1125 392 solius
1162 336 1404 402 OrientiS‚
1439 353 1539 387 non
1577 343 1740 407 autem
1765 335 1916 387 totius

118 426 372 479 Ecclesiae
420 426 717 494 catholicae,
771 444 880 478 cum
928 425 1046 476 nulli
1097 422 1422 477 occidentales
1469 418 1704 491 Episcopi
1758 420 1811 470 in
1858 438 1916 472 eo

119 511 468 576 convenerint,
516 511 647 563 inter
691 509 946 581 generalia
983 519 1150 562 tamen
1189 507 1391 560 subinde
1435 505 1583 558 fuerit
1619 506 1914 557 accensitum

119 598 278 666 quoad
314 597 586 667 symbolum
620 590 731 648 fidei
766 604 986 659 tantum,
1031 611 1130 645 non
1166 612 1287 647 vero
1327 592 1482 662 quoad
1520 607 1736 644 canones
1773 589 1919 642 disci-

117 682 293 752 plinae,
329 690 589 751 propterea
626 680 752 748 quod
789 679 1019 731 Romana
1055 679 1198 731 sedes
1233 678 1391 749 ipsum
1428 678 1699 749 symbolum
1719 681 1918 727 'tantum

117 766 319 836 recepit.
405 764 533 818 Vide
579 782 702 833 quae
749 764 801 815 in
848 765 972 815 hanc
1019 781 1129 840 rem,
1179 758 1551 817 observavimus
1602 762 1656 814 in
1702 771 1919 814 tractatu

117 853 203 903 De
267 853 494 918 antiquis
559 869 818 901 canonum
888 849 1283 901 collectionibus
1350 847 1623 918 praemisso
1687 857 1809 900 tom.
1865 847 1916 899 3.

118 934 333 1005 Operum
371 931 426 985 S.
454 931 643 986 Leonis
684 933 982 987 novissimae
1007 931 1235 986 Venetae
1275 932 1502 984 editionis
1538 942 1668 1004 part.
1705 933 1756 984 2.
1794 932 1841 999 §.
1870 933 1917 984 2.

116 1039 166 1071 n.
205 1022 254 1070 5.
296 1029 346 1072 et
383 1038 515 1088 seqq.
542 1018 601 1087 ¹).
675 1017 744 1069 Et
782 1018 1007 1070 similiter
1044 1018 1261 1089 synodus
1300 1016 1473 1086 quinta
1507 1017 1642 1070 inter
1666 1017 1920 1086 generalia

117 1103 338 1159 Concilio
388 1123 635 1172 nunquam
681 1103 857 1156 fuisset
898 1102 1174 1166 recensita,
1223 1101 1322 1154 nisi
1367 1101 1585 1171 Vigilius
1620 1100 1787 1172 Papa,
1839 1102 1921 1172 qui

117 1193 224 1261 ejus
260 1190 414 1260 gestis
463 1188 616 1260 primo
653 1188 960 1240 contradixit
1009 1186 1226 1258 (Confer
1262 1185 1343 1240 De
1383 1187 1435 1241 vi
1470 1187 1714 1257 primatus
1750 1205 1790 1242 c.
1832 1189 1915 1239 15.

117 1292 167 1325 n.
207 1273 344 1345 39.),
379 1283 555 1345 postea
590 1273 921 1344 praestitisset
959 1290 1234 1327 assensum.

919 1433 965 1499 §-
1015 1430 1107 1486 lv.

311 1534 395 1575 Gur
429 1534 588 1576 Pisana
617 1535 805 1587 synodus
835 1535 1090 1576 auctoritate
1119 1534 1331 1584 generalis
1365 1533 1556 1574 Concilii'
1576 1537 1732 1574 careat.

262 1631 345 1682 10.
417 1625 510 1684 His
546 1632 849 1703 praemissis,
887 1641 943 1682 ut
980 1631 1039 1684 de
1075 1629 1266 1683 Pisana
1301 1631 1493 1700 synodo
1529 1630 1773 1692 dicamu5‚
1811 1626 1920 1700 quis

118 1724 299 1768 certam
330 1715 689 1769 xoecumenicae
732 1716 911 1787 synodi
945 1716 1044 1770 vim
1063 1722 1142 1768 ⁴‘et
1189 1716 1533 1768 auctoritatem
1579 1715 1767 1775 tribuat
1804 1733 1920 1768 cou-

119 1800 229 1852 cilio
265 1801 316 1852 in
354 1819 502 1854 causa
551 1789 829 1855 schismatis
867 1810 1170 1871 congregato
1207 1799 1369 1868 Pisis,
1416 1801 1542 1870 quod
1578 1818 1678 1852 non
1717 1818 1785 1853 ex
1821 1818 1920 1853 uno

117 1895 334 1950 tantum,
391 1887 476 1939 sed
521 1905 588 1939 ex
633 1887 792 1939 tribus
830 1886 1114 1939 memoratis
1165 1885 1403 1956 capitibus
1441 1886 1670 1938 laborat?
1746 1883 1922 1952 Quoad

110 1973 194 2041 jus
249 1971 573 2035 convocandi,
625 1970 874 2034 ⁴Pisanam
931 1971 1173 2042 synodum
1235 1979 1574 2023 convocarunt
1629 1969 1921 2025 Cardinales

116 2055 369 2124 utriusque
425 2055 759 2122 obedientiae,
826 2075 1031 2126 quarum
1098 2073 1197 2107 una
1243 2053 1542 2126 Gregorium
1587 2055 1706 2108 XII.
1764 2058 1922 2110 altera

116 2137 430 2192 Benedictum
466 2139 607 2192 XIII.
655 2151 890 2211 tanquam
934 2160 1110 2194 verum
1147 2138 1443 2194 Pontificem
1493 2142 1825 2211 agnoscebat3
1873 2152 1923 2194 et

119 2234 452 2278 convocarunt
487 2219 587 2277 non
624 2226 778 2277 solum
800 2225 847 2297 ²)
887 2227 1070 2295 absque
1117 2228 1401 2296 cujusquam
1449 2226 1668 2279 istorum
1696 2245 1921 2291 assensu,

118 2326 287 2361 verum
322 2308 470 2360 etiam
507 2327 613 2362 cum
639 2320 808 2380 aperta
835 2310 1137 2381 singulorum
1160 2310 1535 2380 'reprobatione3
1574 2330 1633 2363 ac
1664 2322 1925 2382 praeterea

120 2402 451 2446 convocarunt
497 2394 766 2446 obsistente
815 2396 957 2447 simul
1004 2395 1179 2466 duplici
1224 2394 1317 2446 alia
1362 2394 1627 2448 indictione
1673 2398 1923 2467 generalis

115 2471 296 2547 'synodi
345 2478 404 2529 ad
451 2478 542 2529 duo
590 2478 698 2530 loca
746 2479 968 2548 diversa,
1016 2479 1293 2550 Gregorius
1341 2479 1470 2531 enim
1506 2478 1625 2531 XII.
1664 2481 1923 2553 Forojulii‚

118 2560 411 2614 Benedictus
456 2561 596 2614 XIII.
667 2562 959 2635 Perpiniani
1017 2564 1273 2618 concilium
1326 2565 1665 2618 celebrandum
1721 2567 1920 2620 indixit.

119 2644 206 2698 Ex
241 2648 331 2700 hac
366 2647 546 2717 triplici
584 2650 938 2702 convocatione
974 2650 1026 2702 in
1053 2649 1275 2703 diversas
1300 2651 1467 2715 urbes,
1507 2651 1614 2719 quis
1652 2652 1923 2721 legitimam

121 2731 381 2782 contendat
418 2741 467 2783 et
503 2734 676 2803 probet
712 2734 866 2800 illam,
913 2753 1055 2804 quam
1093 2736 1317 2788 fecerunt
1355 2733 1647 2788 Cardinales
1683 2737 1922 2808 primatus

248 2939 278 2995 ¹)
310 2943 539 2983 Assentitur
581 2957 658 2997 quo
707 2947 758 2986 ad
798 2948 1082 2993 substantiam,
1105 2950 1331 2990 Bossuetus
1352 2982 1358 2990 ,
1383 2950 1453 2991 lib.
1500 2951 1543 2993 8,
1600 2950 1768 3002 Defews.
1810 2966 1847 2992 c.
1879 2955 1922 2992 3.

122 3000 327 3041 scribens:
368 3002 534 3042 Damasi
567 3007 609 3042 et
637 3004 846 3045 Romanae
877 3006 1025 3057 synodi
1057 3017 1262 3046 consensu
1296 3006 1773 3061 Constantinopolimna
1805 3024 1923 3052 oecu-

121 3060 282 3100 menica
304 3059 429 3109 facta
459 3063 531 3102 est.

191 3159 194 3161 ,
243 3114 280 3176 Ξ)
316 3119 539 3170 Gregorius
570 3120 732 3170 quidem
752 3122 842 3162 XII.
874 3124 966 3172 post
995 3121 1192 3172 synodum
1224 3122 1418 3163 Pisanam
1436 3125 1538 3174 ipsis
1569 3127 1654 3164 suis
1675 3126 1925 3166 adversariis

124 3177 324 3216 concessit
353 3179 522 3228 ptenam
554 3182 594 3218 et
624 3180 794 3220 liberam
818 3180 1070 3230 facultatem
1100 3183 1140 3219 et
1159 3182 1409 3230 potestatem
1427 3193 1558 3232 super
1588 3185 1765 3224 concilio
1796 3197 1922 3235 gene-

123 3234 209 3272 rali
239 3235 289 3274 ab
320 3237 511 3278 omnibus
540 3238 737 3287 partibus
766 3238 1061 3286 convocando,
1094 3240 1135 3277 et
1162 3240 1300 3278 locum
1331 3239 1458 3278 etiam
1487 3241 1547 3280 ad
1574 3242 1683 3281 illud
1714 3245 1925 3284 celebran-

125 3291 222 3330 dum
254 3292 459 3342 eligendi:
488 3298 585 3337 tom.
619 3296 690 3335 15.
719 3298 876 3337 Concil.
921 3297 999 3337 col.
1037 3295 1163 3335 1109.
1194 3308 1230 3336 c.
1291 3298 1374 3336 Sed
1406 3299 1457 3339 iis
1490 3300 1792 3340 conditionibus
1822 3302 1925 3342 hanc

128 3346 360 3449 ΐῖοιιηῖιιῒοῂι
388 3352 586 3407 alligavit,
620 3355 763 3406 quibus
793 3367 873 3397 non
906 3354 1160 3402 observatis,
1193 3367 1243 3394 ea
1272 3355 1446 3399 facultas
1477 3359 1596 3398 irrita
1627 3360 1924 3411 intelligeretur

127 3419 152 3446 e
200 3419 251 3447 nu
282 3420 320 3447 a.
