2326 3854
660 239 1304 297 -—-221—-

0 456 13 464 .,
77 419 240 465 certos
277 411 441 464 facere
464 408 617 464 voluit
653 425 707 461 se
744 406 987 460 neminem
1023 423 1053 458 a
1087 421 1179 457 sua
1213 401 1557 457 communione
1589 394 1880 468 amoturum,

77 496 273 549 etiamsi
291 525 294 528 ·
311 505 484 549 contra
509 502 748 546 suammet
783 492 935 562 ipsius
971 489 1268 543 sententiam
1301 488 1355 540 in
1381 487 1549 541 eadem
1587 487 1882 542 allocutione

76 598 369 651 expressam
430 579 721 649 congregati
764 574 1012 646 *Episcopi
1072 573 1469 645 pronuntiarent.
1563 570 1703 625 Haec
1758 575 1881 626 satis

76 665 222 719 obvia
255 664 437 718 laudati
485 663 578 729 loci
625 661 892 733 explicatio
930 677 1096 712 nonne
1133 656 1467 730 Cyprianum‚
1514 656 1568 710 in
1603 657 1682 710 sui
1716 658 1883 711 defen-

76 750 265 802 sionem
342 747 676 802 tantummodo
748 746 1017 809 intentum,
1107 744 1168 796 ab
1247 742 1524 813 impetenda
1589 741 1882 814 Apostolica

75 835 372 886 auctoritate
407 832 617 886 alienum
653 832 905 902 praefert?
965 828 1066 883 Sed
1102 829 1162 881 de
1199 825 1440 900 Cypriani
1475 826 1642 880 verbis
1679 837 1731 881 et
1765 845 1882 882 con-

77 918 187 971 silio
225 918 366 971 satis.

215 1002 365 1056 Nunc
414 1003 632 1059 addenda
681 1001 918 1055 nonnulla
953 999 1025 1053 *de
1072 996 1426 1052 commentario
1473 995 1738 1066 Febronii‚
1786 1018 1883 1070 quo

75 1106 145 1141 ex
189 1087 412 1141 recitatis
457 1086 624 1142 verbis
669 1088 976 1140 manifestum
1027 1083 1136 1137 fieri
1175 1083 1396 1137 affirmat
1413 1122 1429 1148 ‚
1477 1081 1534 1135 S.
1574 1080 1885 1155 Cyprianum

78 1176 203 1226 licet
235 1176 373 1226 alias
384 1177 676 1242 primatum
695 1174 928 1225 Romani
954 1172 1230 1238 Pontificis
1261 1170 1432 1237 probe
1467 1178 1886 1237 recognosceret,

77 1266 426 1312 verumtamen
473 1262 749 1327 imperium
786 1265 838 1310 et
883 1264 1160 1309 externam
1202 1256 1528 1305 coactionem
1574 1255 1641 1305 ab
1696 1273 1758 1306 eo
1797 1275 1886 1308 ex-

77 1343 308 1397 clusisse.
417 1343 624 1396 Talem.
661 1343 864 1394 scilicet
923 1341 1010 1391 hic
1079 1339 1306 1391 Sanctus
1371 1339 1589 1408 Martyr
1643 1348 1886 1407 praeter·

71 1436 296 1497 propter
324 1429 598 1496 fatebatur
628 1429 991 1495 principatum
1032 1424 1232 1475 Summi
1269 1423 1547 1491 Pontificis
1592 1427 1665 1476 in>
1683 1428 1886 1479 univer-

77 1516 180 1566 sali
216 1515 487 1574 Ecclesia,
521 1514 727 1581 qualem
771 1512 1069 1582 Cyprianus
1113 1509 1335 1576 yerebat
1367 1511 1422 1559 in
1459 1506 1748 1577 Africana,
1796 1515 1889 1581 qui

78 1600 451 1667 aequalitatem
495 1605 548 1650 et
581 1598 874 1650 libertatem
911 1596 1302 1664 Episcoporum
1338 1591 1563 1662 Africae
1598 1614 1706 1648 non
1743 1599 1886 1667 infir-

79 1685 276 1744 mabat3
325 1685 421 1736 sed
449 1688 546 1755 jus
596 1684 766 1735 solum
802 1683 967 1734 dabat
1000 1681 1230 1733 concilia
1266 1682 1622 1741 convocandi,
1670 1683 1883 1752 illisque

73 1770 448 1836 praesidendi,
503 1768 858 1836 Coepiscopos
901 1771 1146 1835 fraterne
1183 1767 1526 1826 admonendi,
1573 1769 1887 1838 similiaque,

79 1873 214 1923 quae
271 1854 514 1906 Romano
565 1854 818 1922 Pontifici
855 1855 961 1921 per
1006 1858 1171 1904 totam
1219 1851 1516 1903 Ecclesiam
1568 1862 1887 1923 competunt,

80 1943 134 1990 in
171 1958 267 1990 sua
292 1938 557 2007 Africana
595 1940 898 2000 exercendi,
936 1956 996 1989 eo
1023 1955 1228 2004 semper
1253 1938 1418 1996 salvo,
1455 1939 1600 2005 quod
1626 1939 1890 2006 Stephani

81 2024 314 2076 Romani
350 2025 627 2093 Pontificis
673 2025 987 2077 universalis
1029 2025 1291 2090 primatus
1342 2025 1413 2074 sit
1458 2041 1529 2074 ex
1564 2025 1888 2078 institutione

86 2108 299 2172 Christi,
346 2108 642 2179 Cyprianus
680 2129 708 2162 e
743 2116 934 2162 contra
968 2109 1226 2165 humanae
1262 2109 1634 2160 ordinationis.
1692 2107 1887 2180 Optime

78 2192 270 2262 quidem
305 2192 383 2245 his
413 2194 596 2247 ‘verbis
631 2196 814 2248 fatetur
850 2192 1132 2247 Febronius
1171 2195 1460 2260 primatum
1494 2210 1583 2246 seu
1611 2198 1887 2263 principa—

77 2285 186 2331 tum
226 2279 426 2330 Summi
462 2280 740 2348 Pontificis
775 2283 830 2331 in
865 2281 1155 2332 universali
1178 2278 1424 2330 Ecclesia
1461 2297 1541 2330 ext
1565 2282 1889 2333 institutione

87 2364 297 2416 Christi.
369 2361 500 2416 Peto
537 2374 716 2428 autem,
754 2381 870 2417 num
895 2364 1156 2436 primatum
1193 2362 1319 2414 meri
1354 2362 1540 2414 ordinis
1578 2373 1629 2416 et
1665 2364 1886 2430 honoriS,

80 2467 223 2518 quem
260 2448 494 2502 haeretici
531 2459 582 2502 et
630 2449 927 2503 schismatici
985 2447 1224 2500 Romanis
1260 2445 1583 2501 Pontificibus
1619 2451 1888 2505 concedere

80 2552 179 2585 non
215 2533 494 2587 dubitarent
513 2574 527 2599 ‚
577 2553 641 2588 an
675 2553 797 2590 vero
842 2533 1001 2587 etiam
1025 2532 1273 2603 intelligat
1318 2533 1579 2604 primatum
1614 2552 1765 2588 verae
1801 2553 1886 2607 pe-

80 2619 279 2672 culiaris
308 2620 684 2690 jurisdictionis,
722 2639 867 2690 quem
890 2620 971 2674 vel
1006 2618 1101 2690 ipsi
1139 2619 1411 2672 adversarii
1451 2637 1623 2672 omnes
1662 2620 1889 2674 catholici

80 2704 260 2757 eisdem
297 2705 548 2759 vindicant
583 2724 690 2759 cum
716 2705 954 2759 catholica
989 2702 1250 2757 Ecclesia?
1289 2703 1448 2775 (Vide
1485 2705 1567 2757 lib.
1607 2705 1666 2758 de
1701 2706 1755 2759 vi
1786 2706 1887 2777 pri·

81 2798 201 2841 mat.
270 2807 390 2859 cap.v
424 2790 505 2860 ⁶2.)
582 2789 639 2842 Si
698 2788 979 2842 Febronius
1041 2789 1314 2842 abhorrens
1375 2808 1405 2842 a
1465 2790 1665 2843 nomine
1717 2796 1887 2862 juris-

80 2875 326 2926 dictionis
369 2875 534 2927 mallet
586 2873 658 2926 uti
711 2891 834 2927 voce
872 2877 1246 2941 'auctoritatis,
1300 2884 1356 2926 ut
1408 2874 1586 2928 ibidem
1642 2875 1888 2944 significat

81 2977 131 3010 n.
171 2960 222 3011 2.
261 2959 372 3010 dum
407 2977 463 3011 re
499 2959 866 3024 conveniamus,
903 2962 1122 3020 inutilis,
1157 2969 1212 3011 ut
1247 2958 1353 3030 ipse
1379 2960 1466 3027 ait,
1505 2967 1639 3012 esset
1673 2980 1886 3014 concer-

80 3049 227 3097 tatio.
311 3041 436 3098 Cum
491 3063 612 3099 vero
659 3043 876 3098 Summis
916 3041 1257 3097 “Pontificibus
1315 3044 1530 3115 deneget
1571 3064 1749 3099 verum
1792 3051 1887 3099 im-

76 3133 309 3198 perium,
345 3130 474 3199 quod
510 3135 652 3183 omni
668 3132 1042 3203 jurisdictioni
1052 3133 1208 3182 (meri
1242 3132 1342 3182 tali
1377 3138 1657 3183 'connatam
1695 3130 1771 3202 (id
1809 3141 1887 3185 est

82 3213 432 3284 connaturale)
471 3216 642 3268 eodem
677 3215 784 3268 loco
822 3214 1140 3286 pronuntiat3
1186 3214 1415 3286 propriae
1460 3223 1512 3268 et
1546 3231 1702 3268 verae
1730 3216 1887 3286 juris·

82 3297 308 3351 dictionis
359 3298 621 3369 primatum
675 3300 923 3370 denegare
975 3299 1187 3353 videtur.
1269 3297 1419 3352 Dicet
1469 3294 1682 3353 forsitan
1727 3301 1885 3372 juris-

83 3383 310 3437 dictionis
362 3401 542 3437 nomen
596 3383 690 3437 sibi
742 3384 1023 3455 displicere,
1077 3393 1319 3453 quatenus
1371 3385 1627 3457 imperium
1681 3385 1733 3437 in
1770 3387 1886 3439 sub·-

85 3468 212 3521 ditos
257 3478 307 3521 et
355 3468 564 3538 aliquem
615 3469 912 3522 dominatum
955 3487 987 3521 a
1031 3468 1207 3540 spiritu
1253 3469 1511 3540 regiminis
1547 3469 1886 3526 Ecclesiastici
