2326 3854
1037 172 1655 230 *82*

420 339 516 395 liae
555 340 678 395 Rex
716 338 981 394 Guillelmo
1021 340 1080 392 de
1119 339 1417 410 Nogaret0,
1462 341 1547 411 qui
1584 340 1635 394 in
1673 341 1818 395 Italia
1855 352 1994 408 erat,
2034 344 2086 397 in
2125 363 2268 398 man-
2311 363 2313 365 ’

418 429 550 483 datis
588 429 811 490 dederat,
852 437 908 479 ut
945 426 1141 480 concilii
1179 427 1436 498 generalis
1475 429 1889 485 convocationem
1927 430 2017 484 abs
2055 449 2111 484 se
2148 443 2200 486 et
2238 452 2268 486 a

418 515 695 571 Gallicanis
734 517 1040 587 expetitam,
1089 533 1181 568 nec
1219 534 1320 568 non
1362 535 1534 570 eorum
1576 515 1959 590 appellationem
2007 518 2069 571 ad
2106 518 2267 591 ipsum

416 604 678 658 concilium
716 603 788 655 illi
826 620 997 655 coram
1025 601 1361 673 significaret:
1399 624 1515 659 nam
1547 608 1624 659 ad
1660 607 1763 659 hoe
1801 608 2090 659 dumtaxat
2125 610 2268 659 man-

415 692 584 746 datum
623 698 906 762 acceperat,
944 699 999 741 ut
1035 688 1230 762 Nangii
1269 689 1610 746 Continuator
1644 703 1881 747 testatur.
1956 692 2152 748 Verum
2186 693 2268 748 ille

413 778 635 831 mandati
673 777 856 831 limites
906 787 1346 850 praetergressus,
1396 781 1770 852 conspiratione
1817 782 1951 836 facta
1998 799 2108 834 cum
2146 800 2266 835 con-

403 865 616 937 juratiS,
662 865 822 938 ipsum
861 864 1054 939 Papam
1094 866 1428 938 appellatione
1477 868 1769 922 denuntiata
1822 869 2073 941 captivum
2129 868 2266 934 fecit,

410 963 464 1006 ut
502 953 555 1006 in
595 950 812 1007 Galliam
852 953 914 1006 ad
952 954 1213 1008 concilium
1261 954 1546 1008 adduceret.
1624 954 1726 1010 Sed
1765 965 1978 1028 ereptus
2025 966 2139 1029 post
2172 957 2267 1010 tri-

411 1042 556 1094 duum
596 1061 625 1096 e
664 1043 1041 1113 conjuratorum
1082 1041 1340 1107 manibus,
1383 1041 1679 1114 Romaeque
1716 1053 1966 1116 recethS,
2006 1062 2117 1097 cum
2142 1063 2266 1098 mox
2314 1075 2323 1081 -

409 1129 578 1183 lethali
616 1130 791 1182 morbo
831 1148 858 1182 e
897 1128 1028 1184 vivis
1066 1129 1406 1195 excessisset,
1445 1130 1571 1183 nihil
1608 1131 1668 1184 de
1707 1131 2039 1203 appellatione
2077 1132 2138 1185 ad
2173 1151 2264 1205 ge·-

406 1217 580 1270 nerale
618 1215 882 1271 concilium
911 1216 1156 1288 agendum
1194 1217 1316 1285 fuit,
1357 1218 1611 1290 satiusque
1649 1218 1811 1274 visum
1851 1228 1932 1273 est
1972 1239 2128 1291 agere
2155 1238 2265 1274 cum

408 1305 786 1360 suecessoribus
837 1306 976 1376 ejuS,
1033 1305 1094 1357 ad
1141 1324 1266 1376 quos
1315 1306 1511 1378 pariter
1559 1308 1724 1360 fuerat
1771 1317 2118 1379 provocatum.
2194 1305 2266 1362 Et

406 1393 566 1463 primo
618 1392 814 1463 quidem
855 1390 1175 1444 immediatus
1212 1392 1464 1447 Bonifacii
1519 1411 1785 1447 successor
1821 1393 2126 1448 Benedictus
2164 1393 2260 1447 XI.

406 1481 467 1534 ad
505 1491 651 1552 quem
691 1480 849 1534 missa
887 1488 993 1532 tum
1032 1498 1062 1533 a
1102 1478 1280 1554 Rege,
1334 1491 1439 1534 tum
1494 1501 1524 1535 a
1563 1480 1716 1537 Clero
1756 1479 2018 1536 Gallicano
2055 1483 2261 1555 legatie,

402 1567 499 1640 ipsi
539 1566 674 1638 Regi
713 1585 807 1621 nee
845 1567 1035 1639 petenti
1073 1568 1651 1622 exconmmnicationem
1704 1569 1984 1635 relaxavit,
2036 1570 2263 1623 rescidit-

405 1674 500 1725 que
527 1655 761 1725 quidquid
787 1654 1083 1710 Bonifacius
1109 1656 1162 1708 in
1190 1655 1372 1728 Regis,
1397 1655 1640 1728 regnique
1667 1656 1965 1728 dignitatem
1991 1667 2259 1712 statuerat.

401 1741 535 1796 Dein
574 1752 772 1797 mortuo
810 1754 927 1816 post
964 1763 1152 1816 paucos
1201 1763 1402 1799 menses
1438 1744 1742 1811 BenedictO,
1793 1741 2030 1798 Clemens
2069 1744 2136 1803 V.
2177 1746 2264 1800 isti

403 1832 664 1897 suffectus,
705 1831 875 1885 omnia
914 1831 1165 1887 Bonifacii
1205 1832 1473 1887 occasione
1512 1833 1732 1904 ejusdem
1770 1832 1963 1886 dissidii
1999 1843 2148 1904 gesta
2185 1844 2263 1888 at-

402 1938 496 1989 que
545 1919 748 1975 decreta
799 1919 987 1985 erasit,
1038 1930 1093 1972 ut
1141 1939 1213 1974 ex
1261 1919 1375 1972 istis
1430 1918 1671 1991 Regestis
1711 1919 2010 1992 Raynaldus
2058 1921 2257 1994 probat.

404 2005 548 2059 Nihil
587 2006 666 2060 hic
704 2016 952 2060 tentatum
991 2008 1052 2060 de
1077 2006 1328 2060 Bonifacii
1354 2006 1685 2078 depositione,
1725 2007 1814 2061 sed
1853 2007 1913 2060 de
1952 2008 2259 2065 rescissione

402 2095 749 2160 decretorum,
797 2114 926 2165 quae
986 2094 1143 2166 regiis
1195 2094 1396 2167 juribus
1454 2095 1634 2148 obesse
1692 2094 1804 2149 visa
1863 2106 1997 2149 sunt.
2085 2094 2257 2151 Solum

400 2172 630 2237 Joiannes
677 2183 737 2236 de
776 2180 995 2236 Parisiis
1042 2182 1096 2235 in
1144 2182 1300 2248 libro,
1353 2201 1497 2252 quem
1549 2183 1638 2235 De
1686 2189 1958 2251 potestate
2005 2188 2157 2255 reyia
2209 2195 2262 2239 et

403 2271 612 2341 Papalz·
648 2271 711 2323 ob
749 2269 879 2324 idem
906 2269 1161 2323 dissidium
1201 2270 1503 2335 lucubravit,
1539 2267 1750 2341 prinmS,
1788 2288 1932 2340 quem
1959 2269 2256 2338 invenerim,

401 2357 726 2430 depositionis
784 2356 1019 2410 indicium
1078 2357 1323 2430 praebuit.
1417 2355 1474 2409 ln
1518 2366 1800 2410 memorato
1861 2356 1994 2411 enim
2054 2358 2257 2412 dissidio

399 2446 536 2500 inter
571 2445 887 2499 Bonifacium
929 2455 980 2499 et
1019 2444 1219 2517 Regem
1257 2443 1453 2499 Galliae
1485 2442 1751 2499 Pontificis
1788 2445 2068 2518 deponendi
2101 2447 2258 2500 facul-

400 2544 555 2587 tatem
594 2553 698 2587 non
736 2534 949 2587 obscure
989 2533 1220 2586 attribuit
1255 2551 1358 2585 non
1398 2532 1558 2585 solum
1596 2532 1827 2602 generali
1867 2533 2116 2600 concilio,
2167 2536 2254 2588 sed

402 2621 552 2675 etiam
581 2619 929 2693 Cardinalium
954 2619 998 2691 ¹)
1027 2618 1273 2692 Collegio,
1301 2620 1452 2675 immo
1473 2629 1525 2673 et
1549 2618 1644 2691 ipsi
1667 2617 1893 2692 Principi
1913 2619 2177 2686 saeculari,
2202 2631 2255 2674 at.

530 2783 573 2840 1)’
597 2788 861 2827 Potestatem
892 2785 1073 2837 Collegit
1106 2785 1388 2826 Cardinalium
1430 2785 1472 2825 in
1511 2784 1818 2836 depositionem
1857 2785 2004 2824 summi
2036 2783 2254 2825 Pontificis

403 2849 479 2888 bac
509 2848 673 2888 ratione
704 2846 901 2894 adstruit,
935 2846 1032 2898 quia
1064 2858 1115 2885 ex
1148 2858 1229 2897 quo
1262 2857 1495 2886 consensus
1526 2856 1671 2885 eorum
1695 2844 1811 2895 facit
1843 2844 2011 2902 Papam
2041 2847 2133 2885 loco
2165 2843 2252 2886 Ec-

404 2909 582 2959 clesiae,
622 2907 796 2948 videtu-r
835 2906 950 2959 quod
988 2906 1247 2958 simpliciter
1286 2907 1427 2958 possit
1465 2917 1560 2946 eum
1600 2905 1834 2957 deponere,
1873 2905 2090 2959 siquidem
2111 2904 2253 2955 fecerit

402 2981 536 3010 causa
565 2967 856 3008 rationabilis.
919 2961 1037 3006 Haec
1066 2979 1168 3006 vero
1200 2968 1311 3007 ratio
1355 2979 1446 3007 eum
1478 2964 1749 3018 pontificatus
1786 2977 1860 3004 seu
1893 2965 2094 3018 primatus
2124 2965 2252 3004 colla-

401 3030 557 3069 tionem
589 3028 749 3070 tribuat
780 3027 1072 3068 Cardinalibus
1114 3028 1368 3067 electoribus
1409 3027 1542 3081 ipsius
1574 3025 1814 3079 Pontificis‚
1856 3025 1926 3076 qui
1967 3025 2149 3076 primatu
2181 3037 2252 3065 ex-

400 3091 787 3142 pertes'nequeunt
817 3088 953 3140 ipsum
986 3088 1123 3127 electo
1154 3088 1358 3135 tribuere,
1392 3087 1613 3127 evidenter
1644 3086 1750 3126 falsa
1781 3087 1857 3125 est.
1921 3084 2027 3124 Esto
2059 3085 2170 3124 enim
2192 3085 2248 3124 illi

402 3152 556 3202 Papam
590 3149 748 3201 eligant
778 3148 879 3188 sede
912 3151 1112 3193 vacante,
1158 3148 1236 3189 hac
1266 3151 1407 3188 tamen
1439 3147 1647 3187 electione
1676 3149 1872 3196 tanquam
1905 3143 2146 3185 conditione
2177 3158 2250 3198 po-

403 3271 518 3323 Papa
549 3270 802 3310 electoribus
831 3269 907 3309 fiat
938 3269 1128 3321 superior
1151 3271 1246 3321 Jure
1277 3267 1442 3319 divino,
1482 3266 1629 3318 nequit
1673 3265 1726 3305 ab
1765 3265 1868 3316 ipsis
1903 3264 2085 3316 judicari
2124 3267 2249 3317 atque

402 3331 572 3383 deponi.
634 3331 725 3370 Hae
756 3329 920 3381 quidem
952 3329 995 3369 in
1036 3342 1082 3369 re
1123 3341 1258 3382 neque
1296 3327 1531 3369 adversarii
1571 3326 1704 3367 nostri
1746 3326 2062 3376 repugnabunt,
2094 3325 2248 3378 qnippe

404 3391 472 3440 qui
503 3392 634 3430 solum
677 3390 875 3442 generale
916 3390 1148 3429 Concilium
1190 3389 1424 3430 universam
1453 3385 1689 3431 Ecclesiam
1728 3389 2052 3436 repraesentans
2083 3388 2248 3428 summis

401 3449 677 3490 Pontificibus
699 3449 997 3501 jurisdictione
1028 3453 1261 3501 praestare,
1295 3448 1543 3498 eosdemque
1573 3458 1699 3498 posse
1732 3445 1945 3497 deponere
1975 3446 2245 3487 arbitrantur.

402 3510 550 3561 Neque
580 3510 679 3549 illud
709 3511 840 3561 ipsum
873 3509 1103 3559 Collegium
1133 3509 1412 3549 Cardinalium
1443 3506 1660 3557 utriusque
1703 3506 1995 3554 obedientiae,
2039 3506 2109 3557 qui
2140 3509 2243 3546 tem-
