2326 3854
690 231 1332 286 *201*

108 401 284 453 ibidem
319 418 432 470 pag.
481 397 594 452 172.-
634 406 738 450 not.
774 395 817 447 *4
848 450 851 452 ,
892 395 1048 448 Plura
1083 395 1136 446 iu
1173 394 1300 450 banc
1334 406 1438 444 rem
1476 390 1656 444 afferre
1693 411 1792 443 non
1831 403 1909 445 est

109 502 331 538 necesse.

251 569 303 622 3.
377 568 488 621 Hoc
534 576 698 620 autem
745 582 814 618 ex
861 564 1100 635 principio
1147 564 1256 633 quis
1301 581 1403 615 non
1450 560 1710 631 intelligit,
1767 579 1907 630 quam

109 671 364 724 perperam
402 659 509 705 suo‘
527 653 579 704 in
625 641 780 722 opere
816 649 1079 702 contendat
1114 648 1395 702 Febronius
1431 646 1784 700 restituendam
1821 664 1910 698 an—

107 739 354 807 tiquorum
391 743 630 791 canonum
665 734 1006 805 disciplinam?
1069 733 1144 785 Ob
1183 734 1310 785 hanc
1347 733 1709 787 restitutionem
1738 749 1911 783 nonne

109 823 345 876 abolenda
380 821 588 894 penitus.
609 829 776 873 essent
811 818 1070 890 privilegia
1106 818 1473 889 exemptionum
1508 815 1775 886 insignium
1809 814 1911 869 Ca—

106 907 365 978 pitulorum
403 914 454 959 et'
489 905 840 975 Regularium,
888 922 1013 972 quae
1064 923 1165 956 non
1184 904 1436 973 *exiguam
1474 902 1763 955 dioeceseon
1801 919 1913 972 por-

110 993 291 1045 tionem
337 992 695 1044 subtraxerunt
729 988 1020 1060 EpiscopiS,
1056 988 1376 1042 rescindenda
1415 985 1754 1051 Concordata‚
1803 988 1911 1056 qui-

105 1078 197 1129 bus
233 1076 548 1147 Principibus
596 1075 835 1128 concessa
879 1075 1079 1126 fuerunt
1127 1074 1361 1125 nonnulla
1405 1073 1519 1124 olim
1555 1069 1913 1144 Episcoporum

108 1171 193 1213 aut
240 1159 693 1231 Metropolitarum’
719 1159 919 1230 propria
940 1198 955 1224 ‚
1013 1159 1244 1226 aliaeque
1285 1158 1603 1228 pervulgatae
1648 1167 1910 1210 consuetu-

109 1246 246 1298 dines
285 1254 453 1298 essent
487 1245 780 1307 mutandae,
827 1262 952 1312 quae
995 1247 1104 1296 cum
1142 1242 1451 1311 antiquorum
1481 1243 1674 1312 jurium
1703 1240 1913 1312 Episco-

107 1331 285 1402 palium
340 1339 425 1382 aut
476 1328 962 1399 Metropoliticorum
1001 1327 1293 1380 detrimento
1351 1346 1380 1386 a
1432 1327 1650 1397 pluribus
1705 1325 1912 1379 saeculis

107 1415 347 1478 obtinent,
384 1431 475 1467 nec
512 1413 620 1466 sine
657 1414 915 1465 multorum
953 1413 1226 1465 offensione
1264 1411 1444 1463 mutari
1481 1413 1700 1480 queunt?
1774 1411 1913 1464 Haec

108 1500 150 1552 si
186 1501 371 1568 absque
406 1498 949 1568 magno’scissurarum
985 1498 1199 1568 periculo
1237 1497 1343 1549 fieri
1380 1515 1480 1548 nou
1518 1502 1753 1567 possunt,
1803 1497 1913 1565 quis

106 1586 156 1636 in
197 1583 452 1637 Ecclesiae
498 1583 890 1635 aedificationem·
919 1581 963 1634 F
968 1583 1156 1635 ebronii
1208 1582 1462 1635 consilium
1507 1583 1680 1634 cedere
1730 1581 1910 1633 existi*

108 1679 223 1733 met,
262 1679 312 1721 et
348 1685 447 1720 non
483 1667 644 1738 potius
669 1668 732 1720 ‘in
768 1668 1185 1720 destructionem?
1256 1666 1336 1727 De
1382 1666 1589 1719 materia
1626 1667 1913 1738 disciplinae

108 1752 298 1822 agitur,
347 1770 474 1821 quae
521 1770 622 1804 non
666 1752 829 1807 divino
880 1771 970 1806 nec
1016 1751 1231 1807 naturali
1269 1752 1383 1821 jure
1430 1752 1768 1823 praescripta,
1823 1771 1912 1822 pro

108 1839 324 1898 locorum
379 1854 438 1889 ac
490 1847 762 1908 temporum
807 1838 1049 1891 varietate
1104 1836 1284 1888 mutari
1340 1838 1527 1907 potuit,
1594 1846 1644 1890 et
1697 1838 1914 1906 quando-

109 1922 300 1990 quidem
367 1921 488 1973 nibil
541 1940 629 1993 per
682 1940 737 1975 se
791 1923 956 1976 divino
1012 1941 1069 1975 ac
1119 1921 1337 1974 naturali
1381 1913 1495 1993 jure
1546 1922 1764 1975 illicitum
1818 1933 1913 1987 est,

108 2006 322 2075 nihilque
360 2003 676 2060 Christianae
713 2008 788 2060 rei
822 2007 1058 2071 interest,
1107 2015 1269 2058 utrum
1310 2008 1544 2076 quaedam
1584 2009 1844 2061 facultates
1884 2028 1914 2061 a

105 2089 255 2161 Papa
292 2091 469 2152 suisve,
505 2092 743 2162 delegatis
791 2101 876 2143 aut
925 2094 1032 2162 ejus
1087 2091 1376 2162 privilegi0‚
1433 2110 1496 2143 an
1543 2094 1603 2144 ab
1651 2092 1914 2164 Episcopis

99 2178 213 2246 jure
249 2176 444 2247 proprio
482 2186 843 2243 exerceantur,
892 2177 1001 2246 quis
1037 2177 1270 2229 damnare
1301 2177 1496 2235 „audeat
1533 2176 1832 2243 Pontifices,
1872 2180 1914 2231 si

100 2263 184 2330 jus
239 2279 380 2313 suum
430 2262 507 2313 tot
567 2263 874 2315 saeculorum
929 2263 1281 2315 consuetudine
1336 2264 1626 2315 roboratum
1681 2265 1914 2334 prosequi

108 2345 286 2410 velint,
335 2364 491 2415 eoque
536 2347 709 2399 saltem
758 2346 956 2399 nomine
1004 2347 1164 2398 nolint
1212 2347 1469 2415 quicquam
1516 2348 1795 2414 immutari,
1854 2367 1914 2400 ne

109 2430 442 2484 dissensiones
480 2441 530 2483 et
564 2432 966 2502 perturbationes
1004 2427 1103 2482 non
1128 2433 1274 2486 >leves
1312 2432 1365 2484 in
1411 2432 1527 2485 boni
1566 2434 1743 2504 publici
1779 2434 1914 2486 damf-

108 2534 223 2567 num
260 2516 577 2569 excitentur?
651 2515 759 2569 Hac
804 2526 968 2569 mente
1015 2517 1183 2588 optimi
1219 2516 1489 2570 Pontifices
1526 2519 1579 2570 in
1616 2516 1914 2571 Sanctorum

108 2619 305 2670 quoque
336 2602 496 2653 album
532 2601 706 2666 relati,
759 2602 842 2670 qui
871 2602 938 2654 ab
977 2603 1110 2654 omni
1155 2602 1477 2656 monarchico·
1508 2604 1759 2655 dominatu
1797 2605 1916 2657 alie-

108 2686 315 2750 nissimi,
353 2686 677 2739 aedificationi
712 2684 968 2740 Ecclesiae
1005 2706 1094 2758 pro
1131 2688 1320 2741 viribus
1359 2689 1648 2753 studebant,
1687 2709 1779 2742 nec
1815 2709 1916 2742 non

110 2768 401 2823 Cardinales
448 2780 498 2821 et
539 2769 772 2842 Episcopi
818 2773 1084 2826 sanctitate
1134 2792 1323 2839 morum
1373 2783 1422 2825 et
1469 2775 1579 2826 zelo
1631 2775 1915 2846 disciplinae

113 2853 604 2919 commendatissimi,
651 2855 735 2924 qui
769 2856 890 2926 ipsis
926 2856 1250 2910 Pontificibus
1288 2858 1521 2919 aderant,
1566 2869 1622 2910 ut
1658 2859 1714 2912 S.
1755 2859 1916 2913 Caro—

110 2942 203 3005 luS,
242 2959 269 2991 a
307 2934 621 2992 restituendo⁴
650 2939 908 3012 Episcopis
942 2951 996 2993 et
1019 2941 1352 3013 Metropolitis
1389 2943 1590 3012 antiquo
1631 2946 1914 2997 facultatum

109 3043 226 3089 usu,
265 3024 324 3077 de
362 3043 456 3094 quo
494 3026 753 3095 aliquando
791 3045 890 3078 non
927 3027 1050 3080 levis
1098 3019 1190 3079 fuit
1234 3027 1522 3098 disputatio,
1573 3030 1914 3082 abstinendum

111 3112 316 3173 duxere.
391 3109 580 3163 Horum
622 3111 921 3176 auctoritem,
971 3111 1246 3165 rationibus
1276 3115 1382 3183 jam
1419 3113 1580 3165 allatis
1616 3116 1766 3179 fulta,
1813 3135 1913 3168 ma-

104 3199 267 3268 jorem
302 3197 435 3267 ‘apud
482 3215 561 3250 me
608 3197 951 3250 auctoritatem
1007 3197 1180 3262 habet,
1243 3207 1294 3250 et
1341 3199 1465 3269 apud
1513 3216 1685 3255 omnes
1732 3204 1916 3270 aequos

111 3299 277 3334 rerum
313 3282 656 3336 aestimatores
682 3283 864 3335 habere
889 3283 1047 3347 debet,
1086 3302 1231 3352 quam
1268 3301 1584 3352 quaecunque
1611 3304 1640 3336 a
1666 3283 1707 3336 F
1712 3286 1915 3339 ebronio

111 3364 439 3418 fallacissimis
463 3368 550 3420 -sui
586 3367 874 3439 systematis
913 3367 1162 3439 principiis
1200 3368 1341 3421 ducto
1379 3369 1689 3439 ingeruntur.

252 3450 304 3502 4.
380 3448 505 3503 Esto
542 3453 790 3521 {quaedam
839 3453 890 3504 in
938 3453 1262 3523 Apostolicae
1306 3453 1435 3506 sedis
1474 3456 1559 3524 jus
1610 3456 1916 3525 aliquatenus
