2326 3854
959 133 1620 189 ——112—

364 301 586 354 culorum
614 301 840 356 Wicleffi
878 302 986 355 solo
1027 300 1222 354 concilii
1258 301 1460 354 nomine
1498 301 1680 372 configi
1715 313 1907 373 posset,
1945 314 1997 358 et
2035 304 2211 358 nihilo-

363 387 527 441 minus
577 390 911 442 constitueret
958 386 1240 440 doctrinam
1290 386 1436 440 fidei?
1513 386 1572 441 Si
1608 398 1846 458 tanquam
1886 389 1997 443 fidei
2033 393 2213 464 dogma

364 476 611 529 sancitum
649 475 829 528 fuisset
867 473 1181 527 sessionibus
1219 472 1312 528 IV.
1353 483 1405 527 et
1443 473 1512 530 V.
1591 473 1875 529 Concilium
1915 475 2212 532 Oecumeni-

363 581 473 614 cum
522 562 834 633 generatim,
892 579 951 615 ac
1004 559 1308 633 ‘praesertim
1364 560 1419 613 in
1473 563 1691 616 materia
1746 563 1856 617 fidei
1913 574 2215 636 potestatem

363 649 546 703 habere
594 647 880 701 immediate
928 668 959 701 a
1009 645 1248 715 Christo,
1311 648 1394 718 qui
1443 649 1554 703 fieri
1602 650 1880 722 potuisset,
1940 662 2006 714 ut(
2043 652 2214 724 paucis

362 738 532 790 diebus
594 745 710 807 post
759 753 829 788 ex
887 735 1221 807 quadraginta
1270 735 1550 808 Theologis
1601 747 1714 791 octo
1762 748 1814 791 et
1861 738 2044 810 viginti
2092 758 2212 793 con-

359 823 570 875 trariam
620 823 923 876 sententiam
961 832 1225 888 tenerent,
1273 815 1366 876 hoc
1405 833 1484 876 est
1529 825 1828 879 Concilium
1860 847 1965 896 per
2006 848 2060 881 se
2098 830 2214 881 nul-

362 913 470 963 lam
509 917 838 979 potestatem
886 911 1086 964 habere
1136 914 1241 963 nisi
1289 931 1323 963 a
1370 914 1548 980 capite
1585 910 1722 982 (seu
1767 912 1867 966 nisi
1915 914 1969 967 in
2017 915 2213 968 unitate

361 1017 470 1052 cum
510 997 704 1070 capite)
755 1007 808 1050 et
855 1007 912 1050 ut
953 995 1314 1052 Cameracensi
1351 997 1404 1050 in
1460 998 1607 1051 aliam
1659 1000 1962 1057 sententiam
2010 1003 2215 1056 abeunti

359 1096 464 1139 tam
513 1085 842 1139 vehementer
891 1085 1227 1138 resisterent?
1305 1082 1362 1138 Si
1413 1085 1525 1139 huic
1583 1084 1844 1141 Cardinali
1893 1089 2215 1142 contendenti

360 1172 640 1228 Concilium
687 1191 802 1227 esse
853 1191 1008 1245 supra
1056 1170 1384 1236 Pontificem,
1448 1182 1500 1225 et
1544 1192 1695 1245 posse
1751 1174 1910 1247 ipsum
1963 1177 2214 1248 deponere

359 1262 659 1315 restiterunt
707 1270 821 1333 post
866 1270 1096 1330 quartam
1146 1269 1198 1313 et
1247 1260 1472 1330 quintam
1521 1256 1831 1330 sessionen13
1882 1282 2065 1318 nonne*
2098 1274 2215 1336 post

359 1367 421 1402 ea
459 1349 671 1406 decreta
700 1348 910 1401 liberum
942 1347 1238 1419 judicarunt
1273 1346 1327 1398 in
1375 1356 1640 1418 utramque
1686 1359 1880 1421 partem
1918 1351 2210 1422 disputare?

358 1433 516 1488 Certe
553 1434 681 1488 idem
723 1432 1008 1489 Cardinalis
1045 1434 1099 1487 in
1137 1453 1197 1488 eo
1235 1433 1416 1498 libello,
1457 1454 1553 1504 quo
1593 1436 1811 1490 defendit
1848 1438 1956 1491 solo
1999 1436 2214 1492 Concilii

358 1522 559 1576 nomine
597 1540 748 1595 posse
787 1522 867 1576 edi
905 1523 1109 1576 decreta
1146 1521 1286 1587 fidei,
1338 1521 1463 1574 nihil
1511 1522 1778 1577 dissertius
1817 1534 1868 1577 et
1907 1525 2212 1580 convincen-

357 1610 459 1662 tius
496 1609 549 1661 in
579 1627 731 1676 ⁴suam
775 1610 1081 1664 sententiam
1128 1608 1378 1681 potuisset
1416 1609 1628 1676 afferre,
1676 1630 1824 1681 quam
1862 1611 2066 1666 decreta
2104 1614 2210 1666 lau-

357 1699 587 1751 datarum
633 1697 918 1751 sessionum
966 1697 1073 1750 solo
1131 1696 1330 1750 concilii
1385 1696 1587 1764 nomine
1641 1697 1913 1771 inscripta,
1970 1699 2212 1770 siquidem

357 1785 481 1839 haec
519 1785 653 1839 edita
689 1785 906 1839 fuissent
951 1794 1192 1855 tanquam
1229 1784 1342 1837 fidei
1379 1784 1575 1855 dogma.
1655 1783 1761 1839 Cur
1798 1785 1922 1838 nihil
1957 1788 2058 1841 tale
2095 1792 2213 1842 teti-

356 1873 464 1944 git?
516 1856 770 1942 nisi‘zuia
806 1873 1128 1926 manifestum
1167 1883 1280 1926 erat
1316 1872 1635 1925 omnibus-in
1684 1872 1807 1943 ipsis
1855 1874 2070 1928 decretis
2109 1894 2210 1928 non

356 1960 510 2014 fuisse
548 1960 869 2014 constitutam
921 1960 1035 2013 fidei
1083 1961 1380 2014 doctrinam.
1473 1956 1606 2026 Quid
1653 1960 1854 2013 tandem
1898 1963 2033 2032 quod
2080 1963 2210 2017 idem

357 2045 646 2102 Cardinalis
684 2048 736 2099 in
775 2046 954 2100 fusiori
988 2056 1237 2116 tractata,
1277 2067 1422 2118 quem
1463 2046 1670 2100 subinde
1708 2046 1761 2099 in
1800 2048 1974 2102 eadem
2013 2050 2210 2121 synodo

354 2134 586 2206 vulgavit
642 2138 708 2187 de
765 2136 1076 2195 Ecclesiae,
1152 2135 1516 2187 Conciliornm
1559 2137 1922 2204 9eneralinm,
1976 2137 2213 2190 Romani

358 2224 642 2293 Pontificis
682 2231 735 2276 et
777 2223 1152 2275 Cardinalium
1189 2226 1540 2283 anctoritate,
1587 2221 1672 2274 ubi
1709 2223 1918 2276 eandem
1956 2224 2211 2294 quaestio-

354 2329 470 2364 nem
507 2319 709 2378 versat,
757 2328 859 2362 non
897 2310 1057 2363 solum
1094 2310 1409 2362 laudatorum
1449 2309 1767 2364 decretorum
1815 2329 1918 2363 non
1967 2311 2209 2378 meminit,

355 2417 448 2452 nec
487 2397 810 2454 adversarios
849 2395 1078 2450 haeresis
1129 2407 1362 2463 accusat3
1410 2416 1586 2453 verum
1637 2397 1788 2451 etiam
1825 2398 2208 2471 disputationem

353 2505 446 2557 pro
487 2485 791 2540 auctoritate
818 2483 1034 2540 Concilii
1061 2484 1385 2539 Oecumenici
1421 2485 1498 2538 his
1524 2485 1696 2540 verbis
1735 2486 2010 2539 concludit:
2058 2489 2208 2548 Quae

353 2582 530 2626 tamen
567 2592 677 2624 non
727 2574 997 2641 definitive
1045 2574 1479 2633 determinando,
1529 2574 1629 2625 sed
1674 2574 2052 2626 doctrinaliter
2089 2594 2208 2627 sua-

354 2662 534 2715 dendo
564 2648 756 2728 posita
791 2666 941 2710 sunt:
986 2678 1112 2710 nam
1151 2660 1307 2731 hujus
1355 2662 1439 2711 rei
1474 2661 1838 2728 definitionem
1879 2665 2028 2713 sacri
2072 2662 2206 2715 Con-

354 2749 470 2799 cilii
505 2748 942 2798 determinationi
977 2746 1249 2798 submitto:
1298 2763 1425 2815 quae
1471 2744 1691 2798 indicant
1742 2764 1853 2798 eum
1903 2766 2006 2801 non
2044 2750 2204 2802 credi-

354 2834 489 2887 disse
526 2832 872 2903 quaestionem
911 2832 970 2884 de
1010 2830 1225 2907 Concilii
1264 2831 1519 2903 generalis
1550 2833 1668 2903 jure
1717 2850 1872 2904 supra
1906 2833 2206 2890 Pontificem

354 2920 570 2976 decretis
610 2919 895 2973 sessionum
932 2918 1025 2974 IV.
1066 2930 1118 2973 et
1155 2918 1224 2974 V.
1274 2919 1432 2973 fuisse
1482 2919 1737 2973 definitam
1789 2939 1860 2973 ex
1896 2922 2021 2987 fide,
2077 2923 2207 2977 sicut

354 3028 447 3063 nec
484 3018 663 3081 postea
701 3007 1033 3073 crediderunt,
1071 3025 1164 3061 nec
1203 3007 1413 3061 credunt
1449 3006 1546 3079 ipsi
1583 3007 1747 3060 nostri
1783 3008 2082 3076 adversarii,
2121 3011 2206 3079 qui

353 3115 447 3150 nec
484 3093 720 3149 Summos
757 3093 1053 3160 PontificeS,
1091 3113 1185 3148 nec
1211 3093 1525 3163 CardinaleS,
1566 3105 1654 3148 aut
1677 3093 1973 3167 EpiscopoS,
2011 3095 2205 3152 aliosve

354 3183 654 3237 Pontificiae
691 3181 1011 3236 auctoritatis
1047 3182 1272 3236 vindices
1309 3181 1600 3236 memoratis
1637 3181 1853 3234 decretis
1898 3182 2204 3238 obsistentes

353 3269 636 3325 haereticos
675 3269 929 3340 judicant:
978 3269 1107 3340 quod
1156 3288 1228 3324 ex
1255 3269 1550 3344 <eorundem
1599 3268 2003 3323 adversariorum
2049 3289 2203 3324 sensu

354 3356 558 3411 evidens
597 3365 676 3410 est
713 3366 1083 3427 argumentum,
1123 3374 1184 3409 ea
1219 3356 1424 3409 decreta
1461 3354 1795 3426 dogmaticum
1824 3356 2065 3427 judicium
2100 3376 2202 3410 non

354 3443 631 3512 continere,
670 3461 762 3497 nec
801 3444 862 3497 ad
898 3443 1236 3499 definitionem
1273 3441 1522 3513 dogmatis
1559 3459 1710 3512 posse
1748 3442 1945 3496 referri.
