2326 3854
399 359 519 403 ante
556 366 667 403 eam
718 347 962 421 synodum
1013 345 1212 400 dubiam
1263 346 1539 401 reddebant
1584 347 1879 403 electionem
1928 361 1980 403 et
2030 353 2249 406 auctori-

399 446 553 490 tatem
593 436 801 488 duorum
842 433 1251 488 contendentium
1289 432 1527 506 Gregorii
1552 433 1674 488 XII.
1716 445 1768 490 et
1805 436 2070 492 Benedicti
2107 438 2250 495 XIII.

399 543 458 577 ac
504 523 690 577 idcirco
739 521 862 574 nihil
912 520 1099 579 exinde
1147 539 1415 593 superesse
1465 523 1621 590 certi3
1673 524 1761 577 sed
1799 524 1970 578 omnia
2016 525 2067 578 in
2107 525 2252 580 dubio

398 611 515 665 hinc
552 611 666 663 inde
703 607 950 681 probabili
986 609 1209 663 versari:
1260 611 1477 673 Quare,
1514 610 1768 682 inquiebat
1811 611 1916 684 (T.
1957 613 2039 667 16.
2091 611 2252 667 Cone.

400 698 667 755 Ven.cdit.
682 697 776 749 col.
791 695 878 750 38.
897 694 994 767 e.)‚
1024 697 1152 749 licet
1174 697 1798 772 concilium.(Pisanum)
1821 704 1998 769 fuerit
2023 702 2253 771 leyitime

400 795 450 840 et
485 788 744 839 canonice
770 785 1113 850 celebratum,
1153 792 1206 837 et
1242 787 1351 838 duo
1392 788 1521 839 olim
1545 791 1925 844 contendentes
1951 789 2019 841 de
2041 796 2253 858 papatu

381 880 532 947 juste
583 880 638 925 et
671 875 931 927 canonice
969 873 1340 934 condemnati,
1391 881 1444 926 et
1480 875 1669 928 electio
1712 877 1803 941 D.
1826 873 2140 929 Alexandri
2191 876 2250 927 V.

392 965 566 1030 fuerit
601 964 863 1014 canonice
902 968 954 1013 et
988 962 1093 1012 rite
1124 962 1309 1028 facta,
1357 968 1410 1013 et
1441 963 1590 1015 dicta
1630 964 1820 1016 electio
1858 964 1926 1015 ab
1965 965 2109 1026 illis,
2161 967 2255 1034 qni

392 1055 621 1119 fuerunt
662 1052 718 1101 in
768 1051 913 1102 dicto
964 1049 1225 1109 concilio,
1265 1051 1439 1117 fuerit
1487 1051 1718 1119 leyitime
1770 1057 1823 1102 et
1871 1053 2130 1104 canonice
2168 1070 2252 1103 ac·

397 1145 584 1206 cepta,
629 1143 802 1205 prout
848 1137 983 1189 haec
1018 1138 1213 1204 'omnia
1261 1143 1405 1188 tenet
1453 1138 1759 1190 obedientia
1807 1138 2035 1190 Domini
2081 1141 2256 1191 nostri

397 1216 627 1277 {Ioannis
667 1223 881 1276 XXIII.
930 1230 1107 1275 tamen
1169 1223 1310 1276 duae
1372 1225 1706 1277 obedientiae
1767 1225 1997 1277 dnornm
2044 1232 2255 1278 conten·

397 1314 632 1365 dentiam
663 1311 1027 1380 probabiliter
1078 1317 1260 1363 tenent
1294 1315 1656 1372 contrariam,
1700 1301 1756 1363 in
1795 1331 1904 1381 qna
1941 1316 2255 1382 opinionum

397 1402 613 1452 diversa
651 1406 705 1451 et
740 1401 971 1452 adversa
1007 1401 1268 1451 varietate
1314 1417 1422 1450 non
1475 1407 1599 1452 sunt
1632 1402 1867 1452 minores
1905 1401 2256 1470 difficultates

380 1489 532 1559 juris
572 1492 625 1538 et
652 1489 816 1555 facti,
855 1505 1015 1556 quam
1052 1491 1176 1538 ante
1215 1487 1505 1538 concilium
1546 1487 1810 1540 Pisanum
1849 1494 1971 1539 erat
2006 1488 2075 1539 de
2096 1490 2256 1560 justi·

396 1577 474 1626 tia
511 1575 741 1627 duorum
786 1575 1236 1626 contendentium.
1310 1570 1422 1625 Hac
1471 1573 1531 1626 de
1581 1572 1994 1627 causa-Jacobus
2032 1570 2258 1629 Lenfant

397 1669 617 1714 testatus
656 1670 735 1714 est
774 1658 920 1732 (Lib.
962 1660 1013 1714 3.
1068 1658 1201 1712 Hist.
1244 1656 1406 1713 Cone.
1446 1657 1626 1712 Pisani
1665 1679 1716 1712 n.
1759 1658 1880 1731 77.)
1921 1661 2124 1714 easdem
2159 1661 2254 1714 ‘dif-

399 1749 675 1815 ficultateS‚
714 1766 841 1819 quae
878 1756 1113 1820 perstant
1151 1746 1310 1800 adhuc
1347 1755 1465 1819 post
1485 1745 1744 1801 -Pisanam
1786 1747 2062 1821 synodum,
2110 1748 2256 1821 hujus

398 1837 756 1890 auctoritatem
805 1834 966 1888 adhuc
1022 1834 1271 1889 incertam
1324 1835 1541 1888 efficere.
1643 1835 1990 1889 Adversariae
2061 1835 2254 1906 quidem

399 1923 683 1978 sententiae
731 1932 1139 1995 propugnatores
1185 1922 1266 1977 vel
1321 1940 1481 1988 nunc,
1542 1923 1639 1975 etsi
1689 1923 1959 1986 defendant
2008 1921 2253 1986 Pisanum

399 2011 662 2066 concilium
701 2002 942 2079 tanquam
982 2010 1384 2075 oecumenicum,
1422 2028 1525 2063 non
1563 2019 1733 2062 tamen
1771 2028 1863 2081 pro
1903 2009 2256 2076 schisnnaticiS‚

398 2117 491 2161 nec
530 2117 618 2170 pro
655 2096 924 2151 haereticis
962 2096 1177 2164 habent,
1228 2107 1327 2154 aut.
1364 2098 1550 2151 habere
1589 2107 1801 2170 possunt
1852 2115 1940 2151 eos
1978 2098 2062 2167 qui
2099 2116 2254 2169 nega-

397 2196 543 2251 runt,
593 2195 681 2239 aut
719 2185 878 2238 adhuc
918 2193 1109 2257 negant
1160 2184 1551 2239 oecumenicum.
1629 2183 1762 2239 Vide
1802 2203 1931 2254 quae
1969 2184 2061 2238 hac
2100 2186 2255 2239 dere

397 2274 556 2327 fusius
604 2272 810 2326 disserit
869 2270 928 2326 S.
979 2271 1275 2326 Antoninus
1334 2282 1466 2346 part.
1521 2273 1571 2324 ἱ).
1623 2270 1860 2325 Summae
1911 2270 2257 2343 Theologicae

396 2362 476 2415 tit.
517 2361 652 2415 3.‘c.
695 2361 779 2414 ll.
819 2360 867 2429 ἕ.
910 2360 964 2415 6.
1005 2370 1057 2415 et
1095 2379 1259 2431 seqq0
1278 2360 1362 2414 ubi
1401 2356 1906 2416 etiam-Cancellarii
1941 2358 2256 2423 Parisiensis

397 2448 751 2504 conclusiones
789 2466 820 2502 a
857 2458 970 2502 tota
1008 2446 1295 2503 Parisiensi
1334 2446 1686 2503 Universitate
1723 2447 1963 2520 probatas
2000 2445 2254 2501 describit.

399 2535 556 2591 Certa
605 2535 760 2607 igitur
811 2536 1167 2590 oecumenicae
1215 2535 1398 2608 synodi
1446 2534 1720 2588 auctoritas
1769 2532 1994 2587 Pisanae
2039 2533 2256 2587 defuisse

399 2642 458 2677 ac
496 2623 673 2677 deesse
706 2624 820 2694 jure
859 2622 1169 2676 defenditur:
1223 2641 1569 2693 quaecunque„
1596 2630 1761 2674 autem
1811 2620 1890 2677 vis
1937 2620 2034 2692 ipsi
2070 2621 2254 2692 proba-

399 2711 508 2764 bilis
545 2710 812 2764 tribuenda
849 2711 1112 2776 credatur,
1170 2711 1323 2764 rebus
1370 2708 1530 2782 gestis
1579 2708 1984 2780 probabilitatem
2037 2708 2252 2778 aliquam

396 2798 672 2864 vindicare,
713 2817 815 2851 non
852 2817 978 2854 vero
1014 2797 1345 2851 omnimodam
1387 2796 1732 2851 certitudinem
1770 2804 1955 2867 potest.

1248 2961 1295 3030 g.
1335 2959 1406 3015 v.

403 3069 622 3115 Quatenus
643 3067 802 3108 Pisana
824 3070 948 3118 gesta
963 3067 1312 3108 adversariorum
1328 3066 1569 3107 sententiae
1587 3065 1728 3107 obsint
1748 3064 2055 3117 potiano-uam
2066 3061 2253 3113 prosint.

548 3150 634 3208 14.
698 3151 909 3221 'Quodsi
976 3153 1086 3226 ipsa
1142 3152 1367 3206 Pisanae
1433 3152 1611 3225 synodi
1668 3160 1815 3223 gesta
1871 3148 2252 3220 expendantur3

343 3266 354 3276 ·
400 3242 561 3296 nullus
601 3260 796 3308 canon,
847 3241 1184 3312 quosconcilii
1222 3241 1482 3313 generalis
1520 3248 1745 3311 potestas
1786 3255 1936 3308 supra
1976 3234 2252 3302 Pontifices

399 3331 604 3384 decreta
641 3329 810 3396 fuerit,
850 3339 1070 3382 statutus
1109 3328 1413 3392 invenietur,
1454 3326 1528 3379 uti
1565 3328 1748 3379 factum
1787 3332 1867 3377 est
1904 3323 1955 3376 in
1996 3321 2253 3379 Constan-

397 3416 550 3470 tiensi
588 3418 814 3488 synodo,
872 3417 931 3469 de
970 3435 1068 3488 qua
1105 3416 1158 3468 in
1196 3401 1521 3486 sequentibus
1567 3413 1900 3465 disserenuls.
1978 3409 2130 3464 Solae
2169 3410 2253 3462 dc-

400 3504 675 3576 positiones
743 3505 950 3557 duorum
1028 3502 1432 3556 contendentium
1499 3499 1738 3570 Gregorii
1788 3498 1909 3551 XII.
1978 3509 2028 3552 et
2085 3498 2250 3551 Bene-
