2326 3854
706 231 1350 289 ——237—

270 396 325 449 ln
363 395 582 449 materiis
619 414 809 465 quoque
847 394 1156 466 disciplinae,
1206 393 1257 445 in
1294 391 1468 463 quibus
1513 390 1680 443 unitas
1718 392 1928 444 omnium

130 501 228 535 uon
265 483 336 534 ita
373 492 450 535 est
485 482 796 545 necessaria,
834 490 887 532 ut
923 481 972 532 in
1009 479 1209 550 negotio
1247 478 1386 543 fidei,
1424 476 1542 530 utile
1580 477 1660 530 vel
1697 495 1929 530 necessa—

130 568 253 619 rium
290 568 440 619 multo
479 567 638 636 magis
667 566 878 637 judicari
913 575 1078 636 potest
1111 565 1346 635 generale
1384 562 1665 627 concilium,
1712 564 1794 614 ubi
1831 573 1932 614 sta-

130 652 356 705 tuendum
406 652 471 704 sit
521 652 699 722 aliquid
749 670 957 715 novum,
1022 652 1148 719 quod
1197 650 1381 720 obliget
1434 667 1623 702 omnes.
1696 647 1933 702 Potestas

129 737 315 790 scilicet
338 736 510 808 Papae
545 738 660 790 licet
695 756 784 808 per
818 755 873 789 se
899 736 1108 788 sufficiat
1144 737 1205 788 ad
1239 735 1498 806 generales
1523 736 1660 805 leges
1685 736 1932 799 ferendas,

129 841 236 874 cum
274 823 366 874 toti
400 821 587 893 praesit
608 819 892 887 Ecclesiae3
932 840 1038 874 cum
1066 831 1228 874 tamen
1266 821 1311 874 ei
1336 830 1556 892 potestas
1581 820 1762 872 tradita
1786 821 1934 873 fuerit

129 907 182 958 in
229 907 614 960 aedificationem
650 905 935 972 Ecclesiae,
984 925 1084 959 non
1130 926 1251 961 vero
1297 906 1348 958 in
1393 906 1804 972 destructionen13
1853 906 1935 958 ubi

129 993 338 1061 aliquam
377 993 537 1062 legem
571 992 623 1044 in
660 991 994 1045 dissensiones
1033 1010 1283 1045 cessuram
1320 992 1486 1044 timeri
1521 991 1696 1063 possit,
1734 992 1936 1045 ferenda

130 1096 229 1129 non
267 1087 368 1129 est:
418 1096 475 1130 ac
510 1086 773 1148 propterea
810 1076 1026 1130 Romani
1059 1076 1330 1131 Pontifices
1366 1078 1504 1147 leges
1541 1078 1779 1148 ejusmodi
1816 1096 1934 1130 con-

130 1171 397 1216 sueverunt
435 1164 733 1234 suspendere
769 1173 915 1231 atque
945 1163 1158 1228 differre,
1196 1163 1352 1232 quoad
1389 1180 1475 1214 eas
1499 1171 1605 1215 tute
1643 1181 1702 1215 ac
1738 1163 1936 1233 pacifice

132 1258 181 1300 et
229 1247 416 1300 utiliter
462 1248 538 1300 edi
584 1267 731 1319 posse
779 1257 1098 1317 cognoscant.
1173 1246 1226 1298 Id
1272 1246 1453 1315 aliquot
1505 1247 1558 1298 in
1606 1248 1798 1300 casibus
1835 1267 1936 1300 non

131 1334 238 1384 sine
275 1333 496 1402 generali
544 1332 750 1384 concilio
801 1332 907 1384 fieri
951 1350 1097 1403 posse
1132 1332 1518 1397 intellexerunt,
1564 1333 1645 1386 vel
1692 1350 1792 1385 non
1829 1332 1937 1385 sine

128 1417 329 1488 praevia
365 1417 561 1468 illarum
595 1415 933 1471 Ecclesiarum
971 1435 1060 1470 seu
1095 1416 1454 1488 Episcopormn
1492 1418 1869 1483 consultatione,
1908 1437 1937 1470 a

130 1503 304 1571 quibus
338 1503 659 1556 contradictio
692 1503 945 1556 timeatur.
1006 1500 1154 1556 Licet
1176 1501 1445 1557 Benedicto
1470 1502 1620 1558 XIV.
1646 1522 1937 1575 persuasum

132 1598 266 1640 esset
291 1587 603 1641 minuendum
628 1587 814 1640 dierum
839 1589 1076 1641 festorum
1101 1607 1385 1656 numerun13
1412 1590 1570 1642 noluit
1593 1599 1759 1642 tamen
1783 1608 1936 1660 gene-

131 1674 286 1726 ralem
325 1673 690 1726 diminutionem
727 1673 1055 1739 constituere,
1095 1674 1181 1726 sed
1216 1694 1306 1746 per
1341 1677 1534 1730 litteras
1580 1676 1938 1746 exquirendam

132 1768 280 1812 antea
325 1759 527 1812 credidit
573 1758 665 1811 hac
712 1758 766 1810 in
813 1777 869 1811 re
915 1757 1273 1831 Episcoporum
1320 1761 1622 1832 aliorumque
1677 1762 1938 1814 celebrium

130 1843 350 1896 virorum
400 1843 723 1909 sententiam3
770 1843 927 1913 iisque
965 1845 1082 1898 solis
1120 1864 1229 1898 eam
1266 1846 1636 1921 diminutionem
1673 1847 1936 1910 concessit,

134 1928 217 1998 qui
243 1940 536 1995 annuerent,
575 1949 661 1983 eos
686 1949 825 1995 vero,
864 1931 946 1999 qui
970 1941 1305 2002 repugnarent
1330 1943 1414 1985 aut
1439 1933 1748 1986 difficultates
1786 1952 1937 2004 oppo-

131 2025 326 2079 nerent,
363 2016 477 2067 data
500 2016 611 2085 lege
635 2033 735 2067 non
761 2017 1006 2086 cogendos
1032 2016 1193 2082 duxit,
1230 2035 1294 2070 nc
1319 2019 1552 2071 scandala
1576 2019 1935 2072 excitarentur.

130 2098 267 2152 Haec
301 2117 455 2170 pauca
488 2099 873 2170 intelligentibus
910 2102 1170 2155 sufficient.

326 2255 405 2312 Ad
439 2254 680 2326 majorem
714 2256 806 2314 Dei
843 2258 1063 2333 gloriam
1098 2259 1440 2333 nciparaoque
1476 2261 1744 2320 Honorem.
