2326 3854
1033 151 1206 157 m-
1300 119 1382 174 34
1475 152 1647 157 W,—

413 282 577 355 magis
617 283 794 348 efficit,
836 301 899 335 ne
938 283 984 335 id
1024 282 1220 353 possint
1256 280 1496 352 Episcopi
1533 282 1846 334 subordinati
1883 300 2074 336 summo
2115 283 2255 337 Pon—

411 370 559 436 tifici,
597 370 677 424 cui
716 375 824 423 eum
852 367 1087 423 Christus
1125 367 1178 418 in
1214 368 1361 420 finem
1401 367 1755 421 custodiendae
1793 367 1998 422 unitatis
2023 389 2258 441 praeser-

410 457 499 510 tim
552 457 603 509 in
655 457 748 509 fide
795 455 1026 507 idoneam
1076 453 1425 508 auctoritatem
1467 455 1627 522 dedit,
1680 464 1734 507 ut
1771 453 1825 506 in
1863 454 2258 510 dissensionibus

411 544 546 599 circa
584 543 726 596 fidem
766 540 1102 594 definitionem
1139 542 1374 607 ederent,
1412 560 1539 612 quae
1575 560 1749 595 omnes
1787 541 2034 612 obligaret
2059 542 2121 594 ad
2142 544 2258 596 ‘uni-

409 641 565 684 tatem
605 640 755 699 atque
793 645 1087 694 assensum3
1137 626 1402 700 Episcopis
1437 630 1666 700 profecto
1703 629 1855 682 etiam
1885 628 2108 700 judicum
2145 648 2260 701 per-

399 735 586 770 sonam
635 723 751 786 pos‘t
800 712 1122 768 Pontifieiam
1169 715 1508 769 definitionem
1558 717 1880 788 gerentibuS‚
1937 733 2050 777 eam
2100 716 2259 769 solam

407 810 716 874 potestatem
753 801 950 856 dedisse
987 803 1265 856 credendus
1305 813 1414 868 est,
1451 812 1507 855 ut
1540 803 1594 855 in
1627 803 1838 856 eundem
1871 801 2082 856 unitatis
2111 802 2258 862 finem

409 908 518 943 cum
557 888 823 943 Pontificis
852 889 1040 961 judicio
1082 891 1540 962 conjungerentur,
1579 908 1682 942 non
1717 909 1840 944 vero
1871 898 1928 941 ut
1952 887 2259 942 contrariam

409 979 632 1030 ferentes
670 976 1004 1043 sententiam,
1042 977 1230 1030 unitati
1266 976 1459 1031 obicem
1498 987 1772 1048 ponerent,
1811 985 1863 1030 et
1898 963 2108 1041 unitatis
2133 994 2259 1029 een-

408 1074 540 1117 trum
577 1065 630 1117 in
650 1063 886 1118 Romana
923 1065 1225 1118 auctoritate
1243 1101 1246 1105 -
1265 1084 1295 1118 a
1335 1083 1391 1118 se
1430 1065 1758 1118 constitutum
1792 1061 2109 1118 desererent.
2143 1061 2260 1126 Hoc

407 1170 564 1206 sensu
599 1152 865 1206 memorati
899 1150 1141 1225 Episcopi
1166 1149 1363 1205 Galliae
1399 1151 1451 1204 in
1489 1151 1703 1205 laudatis
1740 1150 1926 1204 litteris
1963 1151 2026 1204 ad
2049 1149 2261 1223 Episco-

407 1257 498 1312 pos
535 1240 685 1311 regni
721 1239 1061 1312 scripserunt,
1114 1258 1170 1293 se
1219 1239 1293 1291 ita
1331 1238 1584 1310 recepisse
1620 1238 1971 1311 Apostolieum
2001 1237 2260 1309 judicium,

407 1331 496 1381 cui
531 1321 640 1396 per
704 1328 844 1380 UNI
848 1326 944 1382 TA
954 1327 1121 1380 TEM
1170 1328 1468 1380 Christiani
1505 1329 1870 1397 Episcopatus
1918 1327 2261 1380 hierarchica

413 1413 888 1467 SUBORDJNA
899 1414 1142 1487 ΤΙΟΝΕ
1186 1417 1435 1484 colliyati
1483 1422 1644 1467 erunt
1687 1413 1840 1485 (nota
1886 1415 2260 1467 hierarchicae

408 1503 867 1555 subordinationis
888 1502 1122 1573 <debitum
1160 1500 1212 1552 in
1249 1502 1433 1553 bonum
1470 1501 1731 1573 unitatis),
1770 1510 1832 1554 ut
1865 1504 2053 1553 merito
2092 1503 2261 1554 credi-

409 1591 591 1642 derint
640 1591 1082 1656 propositionum
1142 1589 1642 1639 condemnationem
1715 1585 1870 1637 UNA
1935 1587 2110 1639 CUM
2158 1587 2264 1638 EO

385 1674 678 1746 -(Romano
715 1671 998 1745 Pontifice)
1050 1693 1084 1725 a
1133 1692 1190 1725 se
1229 1691 1441 1742 quoque
1480 1691 1591 1725 esse
1623 1673 1903 1741 prolatam
1941 1681 1995 1726 et
2021 1690 2261 1743 pronun-

406 1766 620 1823 tiatam,
658 1778 719 1813 eo
760 1760 995 1813 nimirum
1033 1760 1219 1813 mentis
1256 1758 1528 1829 obsequio,
1566 1759 1698 1830 quod
1732 1759 1834 1812 etsi
1870 1760 1932 1813 ab
1958 1758 2083 1831 ipsis
2106 1757 2258 1831 Epis-

409 1847 577 1920 copiS‚
629 1847 782 1900 etiam
829 1865 941 1900 cum
983 1846 1178 1918 judices
1226 1855 1414 1917 agunt,
1465 1849 1680 1900 divinae
1718 1866 1888 1917 aeque
1925 1867 1992 1901 ac
2029 1866 2262 1901 summae

409 1924 727 1989 auctoritati
770 1935 1076 2004 Christique
1117 1935 1517 2003 pollicitationi
1552 1937 1743 1995 nia-ae,
1792 1932 2106 1988 hierarchica
2143 1934 2258 1986 sub·
2294 1918 2305 1943 '⁷

408 2021 726 2084 ordinatione
756 2024 1150 2090 praestandum
1186 2029 1296 2084 ρετ,-
1336 2038 1438 2073 non
1473 2016 1648 2094 tamen
1685 2020 1868 2074 idcirco
1899 2020 2074 2093 judicii
2105 2021 2262 2074 ratio-

408 2128 524 2165 nem
563 2109 717 2163 exuit
745 2103 829 2163 vel
865 2107 1104 2168 excludit.
1181 2107 1253 2162 Et
1281 2111 1400 2181 jure
1437 2108 1652 2179 quidem.
2202 2123 2210 2127 ”

553 2197 608 2249 5.
666 2194 914 2251 Judieium
965 2195 1099 2249 enim
1145 2197 1348 2269 proprie
1385 2196 1570 2250 dictum
1605 2205 1728 2249 tune
1763 2196 1949 2260 fertur,
2001 2213 2113 2247 cum
2150 2195 2262 2264 quis

409 2302 479 2338 ex
514 2300 706 2337 causae
745 2281 1035 2354 cognitione
1060 2284 1365 2338 sententiam
1392 2282 1717 2356 pronuntiat:
1757 2283 1919 2335 fertur
1949 2291 2118 2336 autem
2143 2300 2260 2336 sen-

409 2371 600 2424 tentiae
637 2388 710 2424 ex
747 2387 941 2428 causae,
966 2369 1261 2441 'cognitione
1299 2372 1457 2426 etiam
1499 2380 1615 2444 post
1650 2369 1869 2423 auditum
1906 2370 2085 2423 summi
2122 2367 2264 2423 Pon-

409 2459 557 2513 tificis
599 2457 839 2528 judicium
854 2498 868 2523 ‚
926 2475 1038 2511 cum
1087 2457 1260 2512 habito
1307 2457 1579 2512 sufficienti
1621 2456 1854 2526 materiei
1899 2466 2261 2510 controversae

411 2556 464 2603 et
481 2554 868 2605 ¹‚momentorum
904 2546 1144 2599 examine
1161 2563 1165 2566 ’
1180 2545 1298 2598 illud
1326 2544 1569 2616 judicium
1600 2560 1712 2598 cum
1745 2541 2262 2599 veritateeonvenire

410 2630 725 2703 dignoscitur
762 2642 814 2686 et
843 2631 1123 2703 judicatur,
1161 2632 1366 2687 tametsi
1403 2631 1502 2686 alio
1539 2630 1770 2698 nomine,
1804 2642 1886 2682 ex‘
1913 2648 1992 2700 gr.
2025 2630 2088 2682 ob
2114 2647 2262 2701 prae-

375 2719 696 2791 rogativam
732 2719 978 2791 primatus
1014 2727 1167 2789 atque
1204 2720 1268 2772 ob
1306 2718 1524 2772 debitam
1560 2717 1674 2778 fidei
1710 2717 1958 2770 unitatem
1996 2716 2059 2769 ad
2084 2734 2260 2770 assen-

412 2825 520 2860 sum
561 2816 727 2877 cogat.
793 2793 1002 2874 (Quodsi
1039 2807 1387 2879 expendamus
1418 2805 1730 2870 accuratiuS,
1781 2822 2030 2875 quaenam
2072 2821 2261 2867 causae

412 2895 637 2966 cognitio
673 2896 902 2957 sufficere
939 2894 1100 2967 possit
1137 2895 1198 2947 ad
1233 2894 1492 2947 ferendum
1522 2892 1763 2966 judicium
1802 2909 1893 2945 seu
1924 2886 2260 2954 definitionem
2307 2914 2311 2917 ’

413 2981 558 3050 fidei3
608 2982 949 3048 inveniemuS‚
1001 2982 1126 3036 satis
1166 2999 1287 3035 resse
1333 2997 1673 3051 cognoscere,
1723 2997 1841 3052 num
1874 2975 2135 3031 ¹sententia
2164 2976 2261 3029 nli-

389 3089 511 3141 ·qua
568 3069 843 3126 conveniat
899 3088 992 3123 nec
1047 3088 1111 3123 ne
1167 3087 1277 3122 cum
1330 3068 1602 3121 traditione
1651 3055 1916 3120 Ecclesiae
1965 3061 2258 3117 catholicae.

415 3156 543 3212 Cum
597 3176 721 3212 vero
777 3157 1101 3210 traditionem
1159 3157 1378 3210 omnium
1431 3155 1761 3209 eeclesiarum
1807 3149 2066 3221 inquirere
2113 3149 2261 3203 nimis

415 3248 618 3318 longum
655 3255 708 3298 et
747 3244 1192 3316 fereimpossibile
1237 3244 1334 3310 sit3
1385 3240 1444 3296 S.
1483 3240 1748 3295 irenaeus>
1778 3240 1831 3296 in
1870 3236 2058 3292 celebri
2093 3247 2258 3302 textu,

411 3352 562 3402 quem
599 3334 708 3386 fuse
746 3331 1001 3403 explicavi
1036 3331 1088 3384 in
1126 3330 1406 3403 praemisso
1442 3327 1568 3380 libro
1608 3346 1652 3380 c.
1693 3326 1780 3381 13.
1820 3326 1867 3394 ἕ.
1911 3327 1993 3390 1.,
2032 3333 2084 3378 et
2112 3343 2257 3394 quem

416 3419 511 3490 ipsi
548 3418 796 3473 Gallicani
831 3418 1110 3472 adversarii
1147 3416 1374 3481 laudant,
1414 3413 1540 3468 satis
1552 3466 1558 3469 „
1575 3432 1691 3467 esse
1729 3413 1872 3466 duxit
1904 3413 1966 3474 ad
1991 3411 2257 3467 veritatem
