2326 3854
662 186 1307 242 ——161—

79 354 251 403 sticam
300 359 594 420 potestatem
643 349 875 402 Christus
922 350 1200 402 immediate
1253 348 1410 411 dedit,
1459 344 1616 398 Petro
1666 348 1890 416 primum,

79 454 183 489 cum
222 435 314 506 ipsi
351 435 617 505 separatim
665 435 774 487 illas
824 434 1049 506 promisit
1086 433 1297 504 (Matth.
1342 431 1424 495 16,
1467 430 1611 499 l9.):
1690 433 1764 483 Et
1798 434 1893 483 tibi

78 522 215 572 dabo
254 522 426 572 claves
465 527 557 572 etc.
604 519 862 590 Apostolis
914 528 1075 571 autem
1131 526 1331 589 postea,
1385 534 1484 567 non
1532 524 1698 567 tamen
1748 533 1891 585 sepa-

78 604 248 668 ratim,
304 605 388 657 sed
439 622 537 655 una
586 621 693 655 cum
729 602 915 667 Petr0,
972 621 1078 655 cum
1134 612 1246 674 post
1302 599 1716 653 resurrectionem
1763 599 1890 650 dixit

78 689 254 759 (Joan.
283 689 368 753 20,
408 686 553 757 22.):
594 686 831 756 Accipite
875 689 1132 756 Spiritum
1170 694 1404 738 sanctum
1443 693 1538 737 ete.
1578 684 1888 738 verissimum

77 783 127 826 et
163 772 452 829 catholicum
488 781 590 823 est:
642 781 693 824 et
740 772 852 824 hinc
891 789 1081 840 quoque
1129 771 1455 824 certissimum
1496 770 1698 822 eandem
1731 769 1886 839 juris-

76 857 335 909 dictionem
373 854 581 910 clavium
617 856 668 908 in
706 856 962 908 Romanos
996 856 1267 908 Pontifices
1305 865 1355 908 et
1389 854 1663 925 Episcopos
1702 852 1758 906 S.
1786 851 1888 906 Pe·

73 942 140 993 tri
179 952 228 994 et
263 941 615 1011 Apostolorum
655 959 971 994 successores
1009 942 1080 993 ita
1116 940 1412 1006 transiisse,
1448 949 1504 989 ut
1541 938 1700 990 omnis
1732 938 1884 1008 juris-

75 1026 221 1079 dictio
275 1025 630 1079 Ecclesiastico
683 1027 735 1078 in
795 1026 917 1097 ipsis
972 1025 1253 1079 immediate
1319 1024 1550 1076 resideat.
1635 1022 1707 1074 At
1762 1023 1890 1081 sicut

74 1110 257 1164 Petrus
297 1121 346 1163 et
382 1111 616 1181 Apostoli
649 1110 701 1163 in
739 1112 964 1163 omnibus
999 1110 1328 1181 Apostolatus
1358 1109 1556 1179 juribus
1595 1118 1643 1160 et
1679 1109 1888 1160 faculta-

75 1196 203 1248 tibus
239 1213 405 1266 pareS,
442 1213 539 1247 non
579 1205 726 1248 erant
761 1213 908 1266 pares
937 1193 1091 1246 Petro
1129 1195 1180 1246 in
1218 1194 1268 1247 vi
1306 1203 1356 1245 et
1386 1192 1731 1262 jurisdictione
1768 1212 1886 1263 pro-

72 1280 181 1351 pria
218 1289 271 1333 et
305 1280 555 1351 personali
589 1272 865 1351 primatus,
911 1297 1055 1347 quam
1102 1288 1152 1330 et
1199 1279 1327 1331 idem
1363 1277 1406 1329 F
1411 1278 1644 1329 ebronius
1683 1277 1887 1348 excipit,

74 1365 184 1416 dum
233 1365 286 1416 in
340 1365 481 1416 titulo
537 1365 709 1435 capitis
761 1365 810 1416 1.
866 1363 1168 1434 paragraphi
1203 1362 1416 1434 ‘septimi
1472 1362 1566 1414 ait:
1648 1363 1887 1415 Omnium

73 1448 452 1518 Apostolorum
487 1452 541 1501 iu
569 1451 946 1503 Ecclesiastiea
975 1455 1240 1518 potestate
1279 1450 1575 1517 aequalitas
1613 1450 1759 1499 salvo
1791 1449 1889 1500 Pe-

73 1539 146 1586 tri
181 1538 441 1602 primatu5
488 1534 561 1586 ita
609 1552 708 1587 non
768 1553 923 1604 aeque
972 1552 1120 1605 pares
1172 1532 1519 1604 jurisdictione
1564 1532 1657 1583 dici
1704 1543 1888 1600 queunt

71 1618 307 1690 Episcopi
364 1628 414 1671 et
462 1617 677 1670 Romani
730 1619 1003 1673 Pontifices
1051 1635 1370 1672 successores
1428 1616 1484 1670 S.
1547 1615 1720 1682 Petri,
1770 1617 1886 1686 quin

72 1703 182 1756 istis
220 1712 464 1773 competat
489 1705 574 1774 jus
611 1703 807 1773 aliquod
842 1705 1104 1775 personale
1152 1702 1405 1776 proprium
1441 1703 1710 1773 primatuS,
1761 1704 1887 1772 quod

73 1789 190 1840 nulli
227 1788 310 1840 alii
347 1806 602 1841 commune
652 1807 764 1842 esse
809 1799 990 1860 potest.
1073 1788 1183 1841 Hoc
1223 1790 1307 1858 jus
1354 1788 1406 1839 in
1457 1787 1885 1841 conservationem

71 1874 277 1926 unitatis
312 1871 469 1925 Petro
508 1883 558 1926 et
594 1875 964 1931 successoribus
1002 1876 1108 1944 ejus
1146 1873 1383 1926 tributum
1422 1892 1451 1925 a
1491 1871 1722 1938 Christo,
1776 1893 1882 1927 eam

65 1958 460 2028 jurisdictionem
508 1959 804 2028 peculiarem
845 1978 1000 2028 eaque
1030 1961 1147 2028 jura
1200 1958 1440 2028 primatus
1478 1958 1678 2029 propria
1717 1969 1767 2011 et
1805 1977 1885 2011 es-

72 2043 301 2096 sentialia
342 2042 578 2111 requirit,
641 2049 752 2100 sine
813 2046 998 2114 quibus
1039 2043 1126 2114 (ut
1169 2062 1239 2095 ex
1274 2041 1318 2095 F
1323 2044 1531 2095 ebronio
1580 2043 1886 2115 audivimus)

70 2133 243 2181 unitas
279 2140 386 2180 mm
416 2137 596 2196 potest
630 2134 850 2182 servari.
924 2129 1054 2181 Hinc
1094 2131 1178 2200 jus
1228 2129 1503 2182 coactivum
1553 2147 1653 2181 non
1691 2139 1793 2182 tam
1831 2129 1907 2181 in*

73 2214 315 2282 singuloS,
364 2230 509 2280 quam
559 2213 610 2264 in
658 2232 830 2267 omnes
881 2214 1026 2266 simul
1072 2214 1236 2266 fideles
1288 2214 1348 2264 ad
1402 2214 1638 2267 unitatem
1687 2215 1799 2267 fidei
1838 2225 1888 2266 et

73 2296 423 2350 communionis
483 2315 591 2349 cum
648 2297 878 2351 Romano
929 2287 1175 2350 Pontifice
1245 2298 1612 2350 custodiendam
1657 2299 1708 2351 iu
1757 2299 1885 2349 libro

71 2384 158 2434 De
195 2386 247 2433 υἱ
284 2389 337 2434 et
369 2385 576 2433 ratione
608 2387 872 2450 primatus
911 2384 1172 2436 statuimus
1210 2383 1619 2447 luculentissime,
1674 2383 1751 2435 cui
1787 2381 1830 2433 F
1834 2401 1887 2436 e-

70 2466 275 2518 bronius
314 2476 546 2534 quantum
592 2468 818 2520 detrahat
861 2486 929 2520 ex
966 2468 1280 2539 praecedenti
1327 2469 1512 2539 capite,
1559 2477 1613 2540 ut
1651 2467 1885 2532 arbitror,

70 2551 382 2603 manifestum
422 2561 512 2604 est.
589 2550 714 2605 Cum
750 2571 899 2624 porro
950 2555 1011 2606 ad
1062 2552 1267 2605 unitatis
1305 2552 1734 2606 conservationem
1772 2553 1887 2604 sub-

71 2635 312 2688 ordinatio
351 2635 565 2688 omnium
618 2637 766 2690 etiam
803 2637 1160 2711 Episcoporum
1199 2626 1427 2708 supremo
1467 2638 1615 2708 capiti
1651 2638 1884 2690 Romano

70 2718 305 2772 Pontifici
341 2720 406 2772 sit
441 2722 639 2790 pariter
663 2725 952 2777 necessaria
987 2724 1039 2775 in
1077 2722 1319 2792 regimine
1371 2722 1681 2776 universalis
1707 2722 1884 2776 Eccle-

72 2803 176 2856 siae
214 2814 264 2855 et
298 2804 348 2855 in
375 2806 585 2857 materia
620 2806 920 2876 disciplinae,
957 2826 1022 2860 ne
1047 2807 1455 2872 dissensionibus,
1495 2827 1621 2876 quae
1646 2809 1884 2861 unitatem

71 2889 326 2952 scindant,
374 2889 623 2959 aperiatur
671 2890 896 2957 occasi03
946 2892 1037 2944 hoc
1077 2893 1244 2962 ,eapite
1297 2892 1422 2944 satis
1469 2892 1769 2963 explicatum
1809 2893 1885 2946 vi-

71 2974 241 3037 detur,
288 2983 339 3025 et
385 2972 457 3024 ita
503 2973 848 3041 constitutum,
903 2986 957 3027 ut
1003 2977 1295 3031 dioeceseon
1346 2986 1396 3028 et
1445 2978 1750 3030 subditorum
1800 2979 1884 3031 de-

72 3058 287 3128 signatio
335 3055 798 3129 Episcopaliumque
839 3062 1120 3114 facultatum
1167 3061 1439 3113 moderatio
1487 3064 1646 3130 quoad
1685 3063 1885 3115 exerci-

71 3142 192 3194 tium
231 3152 282 3195 et
316 3160 456 3195 usmn
492 3143 803 3214 dispositioni
827 3144 1146 3215 Apostolicae
1184 3146 1388 3197 subesse
1418 3149 1534 3215 jure
1571 3149 1747 3218 negari
1785 3166 1883 3199 non

70 3226 247 3298 possit,
283 3234 526 3295 quatenus
562 3239 821 3299 utrumque
858 3248 960 3282 non
995 3230 1047 3282 in
1085 3230 1497 3295 destructionem,
1536 3233 1620 3284 scd
1663 3233 1714 3285 in
1753 3233 1884 3286 aedi-

71 3312 364 3364 ficationem·
386 3322 449 3383 et*
471 3313 651 3366 bonum
688 3313 945 3368 Ecclesiae
982 3315 1239 3384 dirigatur,
1278 3324 1334 3366 ut
1369 3315 1534 3369 divino
1573 3333 1630 3368 ac
1669 3317 1883 3370 naturali

66 3398 178 3465 jure
215 3405 410 3448 cautum
447 3405 542 3448 est.
591 3455 611 3461 „
1339 3458 1343 3459 ⁷

131 3488 177 3522 P.
209 3486 357 3521 Baller.
391 3486 438 3520 de
471 3487 670 3523 Potestate
702 3493 775 3526 etc.
863 3483 866 3486 ⁴
1473 3486 1533 3536 l]
