2326 3854
690 181 1289 237 ...A-17*-

92 347 396 403 verissimam
443 346 688 413 arbitror,
732 342 1015 415 jurisdictio
1063 341 1205 394 Petri
1257 351 1305 393 et
1355 357 1692 392 successorum
1745 341 1896 410 ipsius

92 432 352 503 peculiaris
411 443 479 483 ex
544 429 853 482 institutione
917 428 1079 481 divina
1139 428 1253 496 jure
1314 425 1579 496 primatus,
1648 421 1897 476 Ecclesia-

90 518 214 569 stica
275 515 622 585 quodammodo
681 512 990 581 delegatione
1051 511 1189 578 aliis,
1256 510 1336 580 qui
1399 509 1602 562 subinde
1667 509 1896 580 appellati

92 612 208 655 sunt
243 600 596 662 patriarchae,
642 596 938 662 Exarchae,
985 597 1066 649 vel
1103 594 1484 665 Metropolitae,
1535 594 1896 645 communicata

91 687 197 739 fuit.
270 684 399 737 Huic
432 685 652 754 profecto
691 676 1074 734 Ecclesiasticae
1122 679 1446 742 institutioni,
1493 687 1543 730 et
1588 677 1727 746 quasi
1764 679 1896 730 dele-

91 769 280 840 gationi
315 770 443 820 bono
489 766 678 837 publico
726 765 944 830 maxime
998 763 1309 816 necessariae
1347 761 1404 814 S.
1443 761 1648 816 Petrum
1689 781 1894 822 acvsuc·

89 871 315 908 cessores
352 854 458 923 ejus
495 850 660 920 aliqua
695 850 888 902 ratione
937 848 1249 902 consensisse
1287 848 1508 900 dubitare
1547 866 1643 898 non
1684 848 1798 900 licet
1820 847 1896 918 ¹).

92 957 233 992 nemo
271 936 399 990 enim
437 936 559 988 alius
597 952 684 1006 per
722 953 775 986 se
815 945 872 986 ea
905 931 1248 1002 jurisdictione
1286 951 1500 1003 expet-S,
1538 932 1672 983 illam
1708 933 1896 1003 potuis-

92 1031 168 1076 set
204 1021 410 1092 cuipiam
462 1019 851 1082 communicare,
901 1036 958 1069 eo
997 1016 1155 1068 inscio
1204 1018 1284 1070 vel
1327 1017 1513 1080 invito,
1560 1016 1642 1090 qui
1688 1020 1896 1070 eandem

92 1107 224 1159 solus
261 1124 361 1158 non
398 1105 625 1171 humano,
662 1104 748 1156 sed
786 1101 950 1156 divino
975 1103 1086 1172 jure
1122 1101 1395 1164 obtinebat,
1432 1107 1486 1151 ut
1511 1102 1681 1154 notavi
1718 1102 1769 1153 in
1797 1102 1898 1154 Oh-

91 1190 454 1245 servationibus
494 1189 552 1241 ad
590 1187 991 1239 dissertationem
1028 1185 1096 1240 V.
1126 1181 1383 1254 Quesnelli
1422 1195 1541 1237 tom.
1578 1188 1628 1238 2.
1671 1187 1898 1239 editionis

89 1274 147 1328 S.
202 1274 412 1329 Leonis?
450 1273 540 1326 col.
597 1272 720 1326 979.
824 1269 1014 1338 Quodsi
1066 1269 1297 1342 Apostoli
1350 1287 1440 1339 pro
1495 1271 1898 1324 extraordinario

89 1360 412 1430 Apostolatus
443 1360 559 1429 jure
593 1356 645 1408 in
681 1356 964 1410 universam
987 1353 1288 1422 Ecclesiam,-
1328 1356 1455 1424 quod
1493 1356 1544 1406 in
1583 1367 1898 1409 successores

88 1445 307 1514 ipsorum
359 1453 459 1496 non
513 1440 777 1505 transivit,
827 1460 936 1494 cum
991 1459 1142 1511 supra
1187 1439 1460 1511 Episcopos
1507 1442 1899 1511 jurisdictionem

91 1528 345 1589 haberent,
381 1537 612 1618 poter-an}
646 1527 771 1578 hanc
809 1525 1048 1595 aliquibus
1075 1526 1459 1591 communicare,
1498 1545 1701 1595 eamque
1735 1527 1899 1597 reipsa

91 1613 374 1682 quibusdam
420 1614 659 1682 majorum
713 1610 898 1663 sedium
944 1599 1204 1680 Episcopis
1250 1610 1639 1664 communicasse
1693 1629 1898 1681 praesu*-

90 1706 316 1763 mantur3
356 1695 738 1765 quandoquidem
777 1695 867 1747 hac
901 1694 953 1745 in
990 1694 1251 1765 hypothesi
1288 1696 1730 1748 communicassent
1746 1697 1899 1765 juris-

92 1782 371 1842 dictionem,
407 1800 533 1850 quae
563 1782 678 1851 jure
715 1772 965 1831 ordinario
1006 1794 1061 1831 ac
1098 1779 1261 1832 divino
1298 1780 1383 1831 uni
1420 1779 1577 1833 Petro
1616 1790 1664 1832 et
1702 1799 1898 1834 succes-

91 1866 285 1918 soribus
321 1865 473 1936 ipsius
499 1865 821 1936 competebat,
859 1883 958 1916 non
985 1863 1091 1916 sine
1125 1864 1286 1934 aliquo
1313 1865 1484 1917 saltem
1511 1867 1661 1918 tacito
1687 1866 1894 1918 istorum

91 1967 336 2003 consensu
374 1968 480 2019 eam
532 1949 915 2006 communicasse
960 1948 1148 2000 dicendi
1193 1960 1389 2015 essent,
1435 1951 1515 2003 vel
1562 1951 1737 2003 saltem
1788 1951 1896 2003 sine

90 2037 304 2107 ipsorum
354 2035 500 2088 Petri
549 2052 890 2100 successorum
934 2033 1260 2104 praejudicio,
1311 2053 1373 2086 ne
1413 2035 1723 2104 jurisdictiO,
1773 2055 1898 2105 quae

93 2121 342 2174 ordinario
413 2137 472 2172 ac
526 2119 690 2172 divino
749 2120 863 2189 jure
914 2118 972 2170 ad
1039 2118 1174 2189 ipsos
1239 2118 1480 2189 pertinet,
1555 2120 1898 2174 detrimentum

86 2217 301 2277 caperet.

237 2269 643 2342 10.Mem01ati
694 2306 841 2359 porro
887 2290 1068 2358 guidus
1116 2288 1406 2341 hierarchici
1454 2288 1587 2341 inter
1621 2289 1896 2361 Episcopos

89 2393 197 2426 cum
233 2373 471 2444 peculiari
516 2373 732 2444 ipsorum
773 2372 1118 2443 jurisdictione
1156 2373 1411 2425 constituti
1447 2375 1646 2425 fuerunt
1681 2375 1731 2425 in
1768 2376 1896 2427 idem

91 2457 297 2522 unitatis
334 2459 547 2522 bonum,
571 2458 648 2511 cui
683 2457 864 2509 tuendo
902 2457 1140 2527 primatus
1177 2456 1234 2510 S.
1264 2457 1420 2510 Petro
1459 2460 1662 2528 ejusque
1700 2476 1895 2512 succes-

89 2544 281 2596 soribus
318 2542 482 2597 divino
513 2546 628 2614 jure
678 2541 891 2594 tributus
939 2543 1056 2595 fuit:
1106 2542 1177 2596 ita
1221 2553 1277 2609 ut
1323 2543 1373 2595 hi
1419 2561 1589 2595 omnes
1627 2543 1809 2612 gradus
1846 2543 1896 2595 in

141 2774 146 2775 ⁷
210 2754 246 2804 ¹)
277 2757 380 2801 Quin
411 2757 531 2797 immo
563 2758 865 2799 Patriarcbales
893 2759 1014 2798 sedes
1039 2759 1316 2800 Alexandrina
1349 2763 1390 2799 et
1406 2758 1673 2807 Antiochena,
1704 2763 1814 2799 teste
1847 2763 1891 2799 S.

88 2815 291 2864 Gregorio
330 2814 394 2852 M,-
429 2815 501 2854 lib.
532 2818 576 2857 7.
618 2817 740 2866 epist.
773 2817 833 2856 40
882 2818 933 2870 ad
974 2818 1196 2870 Eulogium
1227 2818 1446 2857 Alexandr.
1485 2830 1508 2856 a
1551 2820 1640 2857 solo
1680 2820 1726 2859 S.
1771 2820 1894 2857 Petro

91 2873 288 2922 originem
319 2875 361 2910 et
393 2871 636 2923 (lignitatem
665 2873 830 2915 habent·
893 2877 1054 2922 „Quum
1091 2878 1206 2918 multi
1238 2877 1343 2921 sint,
1385 2877 1540 2927 inquit,
1583 2877 1790 2927 Apostoli,
1821 2889 1894 2928 pro

90 2932 179 2982 ipso
209 2934 345 2969 tamen
379 2931 612 2981 principatu
643 2932 731 2970 sola
751 2933 955 2983 Principis
974 2935 1279 2985 Apostolorum
1291 2936 1423 2974 Sedes
1453 2935 1494 2974 in
1518 2935 1765 2974 auctoritate
1797 2945 1895 2974 con-

86 2989 236 3036 valuit,
268 3000 372 3038 quae
413 2989 454 3027 in
490 2989 620 3027 tribus
660 2990 762 3039 locis
802 2991 920 3029 unius
952 2996 1031 3031 est.
1090 2986 1184 3046 Ipse
1224 2994 1330 3032 enim
1372 2993 1606 3032 sublimavit
1635 2993 1810 3039 Sedem,
1853 2994 1894 3031 in

90 3059 168 3098 qua
200 3047 325 3086 etiam
358 3047 585 3097 quiescere,
618 3050 659 3085 et
688 3051 946 3098 praesentem
978 3051 1104 3090 vitam
1125 3051 1252 3090 finire
1285 3052 1478 3101 dignatus
1512 3053 1742 3102 est.1pse
1774 3052 1895 3090 deco-

88 3106 194 3144 ravit
223 3105 396 3151 Sedem,
438 3106 479 3143 in
524 3117 642 3155 quam
673 3105 980 3156 Evangelistam
1018 3110 1268 3160 Discipulum
1308 3111 1431 3150 misit.
1493 3111 1583 3160 lpse
1614 3109 1790 3148 firmavit
1819 3111 1895 3147 Sen

89 3163 201 3214 dem,
231 3164 271 3202 in
305 3175 384 3215 qua
414 3163 553 3203 decem
584 3164 701 3202 annis
720 3188 733 3215 ,-
762 3166 944 3214 quamvis
975 3166 1253 3218 discessurus,
1299 3168 1419 3206 sedit.
1480 3169 1611 3210 Quum
1642 3179 1741 3217 ergo
1774 3168 1893 3208 unius

89 3222 212 3272 atque
243 3233 322 3260 una
352 3221 408 3261 sit
438 3222 591 3275 Sedes,
634 3223 698 3261 cui
731 3234 780 3261 ex
812 3224 1060 3264 auctoritate
1091 3223 1228 3265 divina
1260 3228 1344 3263 tre's
1374 3236 1481 3263 nunc
1511 3225 1709 3276 Episcopi
1740 3226 1895 3276 praesi-

18 3296 21 3301 1
88 3279 186 3318 dent
217 3282 311 3321 etc!
299 3278 324 3301 ‘⁴
386 3281 448 3319 De
478 3281 852 3332 Hierosoly-muana
891 3285 934 3321 et
965 3283 1419 3334 Constantinopolitana
1459 3283 1570 3322 Sede
1615 3294 1693 3334 per
1723 3284 1895 3323 Romani

88 3337 301 3377 Pontificis
341 3349 580 3383 eonsensum
622 3340 676 3378 ad
720 3340 1032 3389 patriarchalem
1083 3343 1324 3393 dignitatem
1358 3344 1502 3381 evecta
1534 3342 1787 3383 documentis
1830 3355 1894 3382 ec-

88 3389 328 3446 clesiasticis
360 3397 462 3436 satis
493 3401 666 3441 constat.
699 3398 833 3447 (Nota
864 3399 1074 3451 editoris.)

145 3471 190 3505 P.
221 3462 368 3506 Baller.
402 3471 449 3505 de
481 3473 682 3507 Potestate
714 3477 786 3511 etc.
1515 3473 1546 3522 2
