2326 3854
391 1224 968 1321 PRAEFAno
1054 1190 1597 1320 Auo'roffls

240 1595 287 1645 l.
346 1562 420 1646 In
469 1594 778 1664 praefatione
825 1592 989 1662 operis
1035 1593 1373 1663 praecedentis
1419 1592 1642 1664 inscripti
1661 1632 1673 1655 ,
1732 1593 1815 1643 De
1854 1595 1904 1642 vi

99 1713 162 1745 ac
199 1697 406 1745 ratione
435 1696 700 1762 primatus
739 1693 1099 1745 Romanorum
1121 1693 1438 1760 Pontificum
1477 1701 1528 1744 et
1564 1695 1629 1744 de
1668 1696 1902 1759 ipsorum

99 1793 482 1860 infallibilitate
519 1796 573 1843 in
611 1795 923 1861 definiendis
960 1795 1334 1856 controversiis
1368 1794 1524 1860 fidei,
1560 1793 1692 1843 liber
1724 1794 1901 1859 sinqu-

98 1894 252 1952 larz's,
319 1891 399 1943 ubi
456 1900 715 1960 utrumque
738 1895 740 1897 ’
764 1890 1012 1961 explicavi
1059 1900 1205 1959 atque
1253 1890 1484 1943 constitui
1531 1908 1600 1956 ex
1649 1889 1901 1961 principiis

97 1990 346 2043 concessis
386 1990 447 2042 ab
484 1989 546 2042 iis
582 1988 703 2061 ipsis
742 1989 1045 2043 adversariis
1084 1990 1369 2055 catholicis,
1404 1991 1590 2043 >contra
1629 2007 1752 2058 quos
1788 1999 1901 2041 tan-

98 2099 195 2141 tum
235 2090 473 2160 agendum
510 2089 730 2160 suscepi,
768 2088 967 2148 memini
998 2107 1076 2142 me
1113 2089 1399 2161 promisisse
1423 2090 1578 2154 aliaS‚
1617 2089 1662 2142 si
1685 2089 1899 2150 vacabit,

95 2189 451 2259 disputaturum
475 2190 534 2242 de
559 2182 838 2243 eorumdem
859 2188 1163 2247 ¹Pontificum
1198 2198 1445 2260 potestate
1471 2190 1652 2242 collata
1679 2207 1787 2241 cum
1810 2206 1897 2258 po-

94 2297 275 2340 testate
311 2288 506 2341 concilii
531 2289 859 2341 oecumenici:
897 2290 1026 2358 quod
1063 2290 1123 2341 ad
1159 2308 1269 2342 eam
1305 2289 1642 2358 quaestionem
1682 2290 1896 2341 refertur

94 2391 354 2457 tantopere
390 2387 523 2440 inter
560 2387 829 2456 catholicos
867 2387 1158 2459 Theologos
1197 2387 1433 2458 agitatam
1453 2428 1466 2452 ‚
1507 2406 1622 2439 num
1663 2386 1895 2438 Romano

96 2484 327 2539 Pontifici
363 2486 557 2538 ratione
591 2487 827 2562 primatus
857 2490 943 2558 jus
970 2497 1022 2540 et
1045 2496 1266 2558 potestas
1293 2487 1359 2539 sit
1384 2506 1533 2559 supra
1557 2486 1667 2558 ipsa
1691 2485 1899 2538 concilia

94 2585 374 2654 generalia,
423 2603 487 2637 an
524 2585 745 2656 generali
782 2586 990 2640 concilio
1021 2589 1107 2657 jus
1145 2597 1195 2640 et
1231 2597 1456 2658 potestas
1494 2587 1561 2640 sit
1589 2605 1738 2658 supra
1763 2605 1898 2639 sum-

94 2701 224 2736 mum
261 2683 571 2738 Pontificem.
623 2684 770 2739 Nunc
809 2662 1104 2758 promissum
1141 2686 1299 2739 libens
1337 2687 1543 2740 solvam.
1602 2686 1898 2740 Adversarii

96 2782 351 2845 catholici,
408 2784 692 2852 quibuscum
729 2787 1064 2839 tantummodo
1103 2804 1203 2838 non
1242 2785 1402 2838 minus
1439 2786 1492 2838 in'
1530 2787 1621 2850 hoc
1657 2804 1802 2855 quam
1845 2785 1895 2836 in

95 2881 408 2950 praecedenti
445 2900 593 2951 opere
630 2893 707 2935 est
743 2885 1037 2955 disputatio,
1075 2886 1184 2938 dum
1224 2887 1526 2939 contendunt
1563 2885 1769 2938 concilia
1803 2903 1892 2955 po-

93 2988 322 3032 testatem
360 2979 541 3033 habere
578 2980 629 3032 in
666 2999 879 3057 summos
916 2982 1214 3050 Pontifices,
1262 3003 1363 3037 non
1407 2983 1629 3038 conciliis
1676 2984 1896 3054 particu-

94 3078 299 3143 larihuS‚
346 3081 430 3132 sed
467 3081 782 3149 generalibus
817 3092 1009 3134 tantum
1045 3083 1170 3135 hanc
1206 3083 1605 3153 praerogativam
1641 3083 1890 3136 vindican-

95 3178 204 3228 dam
239 3178 546 3231 existimant.
625 3179 769 3231 Ultro
821 3180 947 3233 enim
994 3182 1240 3243 fatentur,
1292 3180 1388 3231 alia
1425 3181 1630 3247 quaevis
1668 3168 1891 3245 concilia,

94 3294 217 3344 quae
253 3295 352 3329 non
390 3278 492 3330 sint
529 3279 870 3344 oecumenica,
899 3278 1289 3350 jurisdictionem
1326 3296 1424 3330 non
1461 3278 1643 3332 habere
1682 3280 1732 3332 in
1761 3298 1894 3332 sum-

95 3392 220 3427 mum
258 3375 607 3446 Hiemmham,
655 3397 795 3448 quem
835 3380 1007 3448 cuique
1046 3394 1322 3449 personae,
1368 3394 1456 3430 seu
1493 3379 1702 3432 concilio
1739 3380 1893 3451 parti-

1477 3477 1546 3528 l*
