<?xml version="1.0" encoding="UTF-8"?>
<!DOCTYPE html PUBLIC "-//W3C//DTD XHTML 1.0 Transitional//EN"
    "http://www.w3.org/TR/xhtml1/DTD/xhtml1-transitional.dtd">
<html xmlns="http://www.w3.org/1999/xhtml" xml:lang="en" lang="en">
 <head>
  <title>
</title>
<meta http-equiv="Content-Type" content="text/html;charset=utf-8" />
  <meta name='ocr-system' content='tesseract 3.04.00' />
  <meta name='ocr-capabilities' content='ocr_page ocr_carea ocr_par ocr_line ocrx_word'/>
</head>
<body>
  <div class='ocr_page' id='page_1' title='image "./ra546170800balluoft_0151.png"; bbox 0 0 2326 3854; ppageno 0'>
   <div class='ocr_carea' id='block_1_1' title="bbox 705 183 1301 238">
    <p class='ocr_par' dir='ltr' id='par_1_1' title="bbox 705 183 1301 238">
     <span class='ocr_line' id='line_1_1' title="bbox 705 183 1301 238; baseline -0.012 -13"><span class='ocrx_word' id='word_1_1' title='bbox 705 183 1301 238; x_wconf 35' lang='lat'>*85—</span> 
     </span>
    </p>
   </div>
   <div class='ocr_carea' id='block_1_2' title="bbox 95 342 1921 3211">
    <p class='ocr_par' dir='ltr' id='par_1_2' title="bbox 97 342 1905 1519">
     <span class='ocr_line' id='line_1_2' title="bbox 105 342 1900 418; baseline -0.009 -13"><span class='ocrx_word' id='word_1_2' title='bbox 105 355 163 405; x_wconf 91' lang='lat' dir='ltr'>ab</span> <span class='ocrx_word' id='word_1_3' title='bbox 200 351 419 403; x_wconf 88' lang='lat' dir='ltr'>omnibus</span> <span class='ocrx_word' id='word_1_4' title='bbox 469 349 682 418; x_wconf 82' lang='lat' dir='ltr'>legitime</span> <span class='ocrx_word' id='word_1_5' title='bbox 721 350 930 412; x_wconf 89' lang='lat' dir='ltr'>electus,</span> <span class='ocrx_word' id='word_1_6' title='bbox 980 358 1029 400; x_wconf 92' lang='lat' dir='ltr'>et</span> <span class='ocrx_word' id='word_1_7' title='bbox 1075 345 1428 416; x_wconf 87' lang='lat' dir='ltr'>reprimeretur</span> <span class='ocrx_word' id='word_1_8' title='bbox 1478 342 1727 393; x_wconf 87' lang='lat' dir='ltr'>intrusus:</span> <span class='ocrx_word' id='word_1_9' title='bbox 1776 343 1900 410; x_wconf 87' lang='lat' dir='ltr'>quod</span> 
     </span>
     <span class='ocr_line' id='line_1_3' title="bbox 103 424 1902 502; baseline -0.007 -14"><span class='ocrx_word' id='word_1_10' title='bbox 103 438 284 489; x_wconf 90' lang='lat' dir='ltr'>nullum</span> <span class='ocrx_word' id='word_1_11' title='bbox 320 434 588 492; x_wconf 83' lang='lat' dir='ltr'>coactivum</span> <span class='ocrx_word' id='word_1_12' title='bbox 626 436 711 502; x_wconf 89' lang='lat' dir='ltr'>jus</span> <span class='ocrx_word' id='word_1_13' title='bbox 750 433 953 485; x_wconf 83' lang='lat' dir='ltr'>concilio</span> <span class='ocrx_word' id='word_1_14' title='bbox 1002 432 1052 483; x_wconf 92' lang='lat' dir='ltr'>in</span> <span class='ocrx_word' id='word_1_15' title='bbox 1098 449 1272 486; x_wconf 76' lang='lat' dir='ltr'>verum</span> <span class='ocrx_word' id='word_1_16' title='bbox 1318 427 1684 499; x_wconf 85' lang='lat' dir='ltr'>legitimumque</span> <span class='ocrx_word' id='word_1_17' title='bbox 1716 424 1902 497; x_wconf 16' lang='lat' dir='ltr'>&gt;Ponti-</span> 
     </span>
     <span class='ocr_line' id='line_1_4' title="bbox 104 508 1903 585; baseline -0.007 -11"><span class='ocrx_word' id='word_1_18' title='bbox 104 523 264 585; x_wconf 88' lang='lat' dir='ltr'>ficem,</span> <span class='ocrx_word' id='word_1_19' title='bbox 304 520 388 573; x_wconf 91' lang='lat' dir='ltr'>sed</span> <span class='ocrx_word' id='word_1_20' title='bbox 423 519 474 570; x_wconf 91' lang='lat' dir='ltr'>in</span> <span class='ocrx_word' id='word_1_21' title='bbox 510 518 750 568; x_wconf 88' lang='lat' dir='ltr'>intrusum</span> <span class='ocrx_word' id='word_1_22' title='bbox 786 517 1121 568; x_wconf 81' lang='lat' dir='ltr'>tantummodo</span> <span class='ocrx_word' id='word_1_23' title='bbox 1158 515 1386 570; x_wconf 86' lang='lat' dir='ltr'>vindicat.</span> <span class='ocrx_word' id='word_1_24' title='bbox 1465 509 1588 565; x_wconf 89' lang='lat' dir='ltr'>Cum</span> <span class='ocrx_word' id='word_1_25' title='bbox 1625 529 1746 564; x_wconf 87' lang='lat' dir='ltr'>vero</span> <span class='ocrx_word' id='word_1_26' title='bbox 1784 508 1903 562; x_wconf 87' lang='lat' dir='ltr'>Gal-</span> 
     </span>
     <span class='ocr_line' id='line_1_5' title="bbox 103 595 1901 672; baseline -0.007 -14"><span class='ocrx_word' id='word_1_27' title='bbox 103 607 250 658; x_wconf 87' lang='lat' dir='ltr'>licani</span> <span class='ocrx_word' id='word_1_28' title='bbox 288 603 577 658; x_wconf 86' lang='lat' dir='ltr'>Cardinales</span> <span class='ocrx_word' id='word_1_29' title='bbox 613 601 720 653; x_wconf 91' lang='lat' dir='ltr'>huic</span> <span class='ocrx_word' id='word_1_30' title='bbox 757 601 1101 654; x_wconf 80' lang='lat' dir='ltr'>convocationi</span> <span class='ocrx_word' id='word_1_31' title='bbox 1124 601 1167 672; x_wconf 85' lang='lat'>¹)</span> <span class='ocrx_word' id='word_1_32' title='bbox 1210 619 1263 652; x_wconf 91' lang='lat' dir='ltr'>se</span> <span class='ocrx_word' id='word_1_33' title='bbox 1302 617 1494 669; x_wconf 85' lang='lat' dir='ltr'>semper</span> <span class='ocrx_word' id='word_1_34' title='bbox 1542 595 1901 667; x_wconf 88' lang='lat' dir='ltr'>opposuissent,</span> 
     </span>
     <span class='ocr_line' id='line_1_6' title="bbox 105 680 1902 755; baseline -0.007 -12"><span class='ocrx_word' id='word_1_35' title='bbox 105 691 162 743; x_wconf 90' lang='lat' dir='ltr'>ad</span> <span class='ocrx_word' id='word_1_36' title='bbox 201 690 296 741; x_wconf 88' lang='lat' dir='ltr'>alia</span> <span class='ocrx_word' id='word_1_37' title='bbox 331 686 545 741; x_wconf 88' lang='lat' dir='ltr'>remedia</span> <span class='ocrx_word' id='word_1_38' title='bbox 581 685 953 755; x_wconf 84' lang='lat' dir='ltr'>confugiendum</span> <span class='ocrx_word' id='word_1_39' title='bbox 990 685 1112 737; x_wconf 86' lang='lat' dir='ltr'>fuit.-</span> <span class='ocrx_word' id='word_1_40' title='bbox 1153 684 1207 735; x_wconf 90' lang='lat' dir='ltr'>In</span> <span class='ocrx_word' id='word_1_41' title='bbox 1234 685 1280 735; x_wconf 91' lang='lat' dir='ltr'>id</span> <span class='ocrx_word' id='word_1_42' title='bbox 1305 684 1473 738; x_wconf 89' lang='lat' dir='ltr'>variae</span> <span class='ocrx_word' id='word_1_43' title='bbox 1500 680 1902 744; x_wconf 80' lang='lat' dir='ltr'>consultationes,</span> 
     </span>
     <span class='ocr_line' id='line_1_7' title="bbox 104 765 1905 842; baseline -0.005 -17"><span class='ocrx_word' id='word_1_44' title='bbox 104 783 154 826; x_wconf 90' lang='lat' dir='ltr'>et</span> <span class='ocrx_word' id='word_1_45' title='bbox 191 773 372 842; x_wconf 82' lang='lat' dir='ltr'>aliquot</span> <span class='ocrx_word' id='word_1_46' title='bbox 408 771 637 834; x_wconf 90' lang='lat' dir='ltr'>concilia,</span> <span class='ocrx_word' id='word_1_47' title='bbox 686 788 774 822; x_wconf 90' lang='lat' dir='ltr'>seu</span> <span class='ocrx_word' id='word_1_48' title='bbox 823 779 1096 823; x_wconf 86' lang='lat' dir='ltr'>conventus</span> <span class='ocrx_word' id='word_1_49' title='bbox 1142 769 1436 839; x_wconf 87' lang='lat' dir='ltr'>praesertim</span> <span class='ocrx_word' id='word_1_50' title='bbox 1474 766 1716 819; x_wconf 86' lang='lat' dir='ltr'>Gallicani</span> <span class='ocrx_word' id='word_1_51' title='bbox 1752 765 1905 817; x_wconf 89' lang='lat' dir='ltr'>habiti</span> 
     </span>
     <span class='ocr_line' id='line_1_8' title="bbox 103 851 1903 924; baseline -0.004 -15"><span class='ocrx_word' id='word_1_52' title='bbox 103 868 245 923; x_wconf 66' lang='lat' dir='ltr'>sunt,</span> <span class='ocrx_word' id='word_1_53' title='bbox 291 857 340 908; x_wconf 89' lang='lat' dir='ltr'>in</span> <span class='ocrx_word' id='word_1_54' title='bbox 378 856 549 924; x_wconf 86' lang='lat' dir='ltr'>quibus</span> <span class='ocrx_word' id='word_1_55' title='bbox 586 855 694 906; x_wconf 89' lang='lat' dir='ltr'>dum</span> <span class='ocrx_word' id='word_1_56' title='bbox 734 855 859 907; x_wconf 89' lang='lat' dir='ltr'>aliae</span> <span class='ocrx_word' id='word_1_57' title='bbox 898 864 1042 924; x_wconf 88' lang='lat' dir='ltr'>atque</span> <span class='ocrx_word' id='word_1_58' title='bbox 1080 854 1204 906; x_wconf 87' lang='lat' dir='ltr'>aliae</span> <span class='ocrx_word' id='word_1_59' title='bbox 1240 854 1350 908; x_wconf 87' lang='lat' dir='ltr'>viae</span> <span class='ocrx_word' id='word_1_60' title='bbox 1388 852 1666 906; x_wconf 84' lang='lat' dir='ltr'>schismatis</span> <span class='ocrx_word' id='word_1_61' title='bbox 1703 851 1903 903; x_wconf 78' lang='lat' dir='ltr'>exscin-</span> 
     </span>
     <span class='ocr_line' id='line_1_9' title="bbox 103 937 1903 1010; baseline -0.004 -16"><span class='ocrx_word' id='word_1_62' title='bbox 103 942 242 995; x_wconf 89' lang='lat' dir='ltr'>dendi</span> <span class='ocrx_word' id='word_1_63' title='bbox 278 942 486 992; x_wconf 90' lang='lat' dir='ltr'>fuissent</span> <span class='ocrx_word' id='word_1_64' title='bbox 520 939 830 1010; x_wconf 82' lang='lat' dir='ltr'>propositae,</span> <span class='ocrx_word' id='word_1_65' title='bbox 878 949 928 991; x_wconf 93' lang='lat' dir='ltr'>et</span> <span class='ocrx_word' id='word_1_66' title='bbox 965 939 1210 991; x_wconf 90' lang='lat' dir='ltr'>incassum</span> <span class='ocrx_word' id='word_1_67' title='bbox 1250 939 1544 1003; x_wconf 68' lang='lat' dir='ltr'>cessissent,</span> <span class='ocrx_word' id='word_1_68' title='bbox 1597 937 1668 988; x_wconf 86' lang='lat' dir='ltr'>ita</span> <span class='ocrx_word' id='word_1_69' title='bbox 1705 955 1788 989; x_wconf 87' lang='lat' dir='ltr'>res</span> <span class='ocrx_word' id='word_1_70' title='bbox 1826 937 1903 988; x_wconf 93' lang='lat' dir='ltr'>in-</span> 
     </span>
     <span class='ocr_line' id='line_1_10' title="bbox 102 1021 1905 1095; baseline -0.003 -17"><span class='ocrx_word' id='word_1_71' title='bbox 102 1027 335 1095; x_wconf 90' lang='lat' dir='ltr'>quirendo</span> <span class='ocrx_word' id='word_1_72' title='bbox 376 1035 425 1077; x_wconf 92' lang='lat' dir='ltr'>et</span> <span class='ocrx_word' id='word_1_73' title='bbox 461 1024 750 1095; x_wconf 88' lang='lat' dir='ltr'>disputando</span> <span class='ocrx_word' id='word_1_74' title='bbox 785 1025 836 1076; x_wconf 91' lang='lat' dir='ltr'>in</span> <span class='ocrx_word' id='word_1_75' title='bbox 875 1024 1038 1094; x_wconf 90' lang='lat' dir='ltr'>plures</span> <span class='ocrx_word' id='word_1_76' title='bbox 1077 1042 1234 1076; x_wconf 91' lang='lat' dir='ltr'>annos</span> <span class='ocrx_word' id='word_1_77' title='bbox 1273 1024 1537 1086; x_wconf 86' lang='lat' dir='ltr'>distracta,</span> <span class='ocrx_word' id='word_1_78' title='bbox 1588 1032 1637 1074; x_wconf 89' lang='lat' dir='ltr'>et</span> <span class='ocrx_word' id='word_1_79' title='bbox 1683 1021 1905 1075; x_wconf 87' lang='lat' dir='ltr'>involuta</span> 
     </span>
     <span class='ocr_line' id='line_1_11' title="bbox 102 1107 1904 1180; baseline -0.002 -17"><span class='ocrx_word' id='word_1_80' title='bbox 102 1112 190 1163; x_wconf 84' lang='lat' dir='ltr'>fuit</span> <span class='ocrx_word' id='word_1_81' title='bbox 234 1109 632 1180; x_wconf 85' lang='lat' dir='ltr'>implicatissimis</span> <span class='ocrx_word' id='word_1_82' title='bbox 678 1108 1038 1168; x_wconf 84' lang='lat' dir='ltr'>difficultatibus</span> <span class='ocrx_word' id='word_1_83' title='bbox 1078 1109 1205 1178; x_wconf 85' lang='lat' dir='ltr'>juris</span> <span class='ocrx_word' id='word_1_84' title='bbox 1256 1118 1306 1160; x_wconf 93' lang='lat' dir='ltr'>et</span> <span class='ocrx_word' id='word_1_85' title='bbox 1353 1108 1496 1167; x_wconf 65' lang='lat' dir='ltr'>facti,</span> <span class='ocrx_word' id='word_1_86' title='bbox 1543 1117 1599 1157; x_wconf 92' lang='lat' dir='ltr'>ut</span> <span class='ocrx_word' id='word_1_87' title='bbox 1647 1125 1734 1176; x_wconf 85' lang='lat' dir='ltr'>spe</span> <span class='ocrx_word' id='word_1_88' title='bbox 1772 1107 1904 1159; x_wconf 88' lang='lat' dir='ltr'>omni</span> 
     </span>
     <span class='ocr_line' id='line_1_12' title="bbox 97 1190 1902 1262; baseline -0.002 -15"><span class='ocrx_word' id='word_1_89' title='bbox 97 1196 295 1247; x_wconf 75' lang='lat' dir='ltr'>&#39;sublata</span> <span class='ocrx_word' id='word_1_90' title='bbox 322 1193 584 1257; x_wconf 90' lang='lat' dir='ltr'>decidendi,</span> <span class='ocrx_word' id='word_1_91' title='bbox 622 1194 871 1262; x_wconf 89' lang='lat' dir='ltr'>cujusnam</span> <span class='ocrx_word' id='word_1_92' title='bbox 898 1192 1237 1246; x_wconf 90' lang='lat' dir='ltr'>contendentis</span> <span class='ocrx_word' id='word_1_93' title='bbox 1264 1192 1483 1262; x_wconf 89' lang='lat' dir='ltr'>legitima</span> <span class='ocrx_word' id='word_1_94' title='bbox 1508 1190 1683 1242; x_wconf 86' lang='lat' dir='ltr'>fuisset</span> <span class='ocrx_word' id='word_1_95' title='bbox 1709 1193 1902 1256; x_wconf 83' lang='lat' dir='ltr'>electio,</span> 
     </span>
     <span class='ocr_line' id='line_1_13' title="bbox 103 1275 1903 1348; baseline -0.002 -17"><span class='ocrx_word' id='word_1_96' title='bbox 103 1279 433 1333; x_wconf 87' lang='lat' dir='ltr'>necessarium</span> <span class='ocrx_word' id='word_1_97' title='bbox 486 1278 643 1332; x_wconf 85' lang='lat' dir='ltr'>visum</span> <span class='ocrx_word' id='word_1_98' title='bbox 696 1277 843 1330; x_wconf 86' lang='lat' dir='ltr'>fuerit</span> <span class='ocrx_word' id='word_1_99' title='bbox 883 1280 967 1348; x_wconf 89' lang='lat' dir='ltr'>jus</span> <span class='ocrx_word' id='word_1_100' title='bbox 1023 1294 1254 1329; x_wconf 83' lang='lat' dir='ltr'>asserere</span> <span class='ocrx_word' id='word_1_101' title='bbox 1303 1276 1525 1345; x_wconf 85' lang='lat' dir='ltr'>generali</span> <span class='ocrx_word' id='word_1_102' title='bbox 1583 1275 1788 1329; x_wconf 90' lang='lat' dir='ltr'>concilio</span> <span class='ocrx_word' id='word_1_103' title='bbox 1846 1278 1903 1328; x_wconf 88' lang='lat' dir='ltr'>ad</span> 
     </span>
     <span class='ocr_line' id='line_1_14' title="bbox 102 1361 1904 1435; baseline -0.002 -19"><span class='ocrx_word' id='word_1_104' title='bbox 102 1365 408 1435; x_wconf 89' lang='lat' dir='ltr'>deponendos</span> <span class='ocrx_word' id='word_1_105' title='bbox 465 1362 613 1415; x_wconf 89' lang='lat' dir='ltr'>etiam</span> <span class='ocrx_word' id='word_1_106' title='bbox 670 1363 1052 1426; x_wconf 81' lang='lat' dir='ltr'>contendenteS,</span> <span class='ocrx_word' id='word_1_107' title='bbox 1107 1361 1150 1413; x_wconf 89' lang='lat' dir='ltr'>si</span> <span class='ocrx_word' id='word_1_108' title='bbox 1209 1361 1333 1414; x_wconf 88' lang='lat' dir='ltr'>alias</span> <span class='ocrx_word' id='word_1_109' title='bbox 1382 1361 1490 1415; x_wconf 89' lang='lat' dir='ltr'>vias</span> <span class='ocrx_word' id='word_1_110' title='bbox 1541 1379 1724 1430; x_wconf 87' lang='lat' dir='ltr'>aequas</span> <span class='ocrx_word' id='word_1_111' title='bbox 1773 1363 1904 1414; x_wconf 83' lang='lat' dir='ltr'>refu-</span> 
     </span>
     <span class='ocr_line' id='line_1_15' title="bbox 101 1457 295 1519; baseline -0.015 -17"><span class='ocrx_word' id='word_1_112' title='bbox 101 1457 295 1519; x_wconf 81' lang='lat' dir='ltr'>gerent.</span> 
     </span>
    </p>

    <p class='ocr_par' dir='ltr' id='par_1_3' title="bbox 95 1530 1921 3211">
     <span class='ocr_line' id='line_1_16' title="bbox 242 1530 1903 1603; baseline -0.001 -18"><span class='ocrx_word' id='word_1_113' title='bbox 242 1534 324 1585; x_wconf 79' lang='lat'>12.</span> <span class='ocrx_word' id='word_1_114' title='bbox 396 1532 505 1586; x_wconf 91' lang='lat' dir='ltr'>Hoc</span> <span class='ocrx_word' id='word_1_115' title='bbox 542 1533 796 1585; x_wconf 91' lang='lat' dir='ltr'>consilium</span> <span class='ocrx_word' id='word_1_116' title='bbox 831 1532 976 1603; x_wconf 89' lang='lat' dir='ltr'>primi</span> <span class='ocrx_word' id='word_1_117' title='bbox 999 1541 1360 1603; x_wconf 86' lang='lat' dir='ltr'>proposuerunt</span> <span class='ocrx_word' id='word_1_118' title='bbox 1385 1530 1629 1583; x_wconf 87' lang='lat' dir='ltr'>Gallicani</span> <span class='ocrx_word' id='word_1_119' title='bbox 1654 1530 1903 1584; x_wconf 83' lang='lat' dir='ltr'>Doctores</span> 
     </span>
     <span class='ocr_line' id='line_1_17' title="bbox 101 1615 1902 1674; baseline -0.001 -5"><span class='ocrx_word' id='word_1_120' title='bbox 101 1616 454 1671; x_wconf 88' lang='lat' dir='ltr'>Universitatis</span> <span class='ocrx_word' id='word_1_121' title='bbox 478 1616 781 1671; x_wconf 81' lang='lat' dir='ltr'>Parisiensis</span> <span class='ocrx_word' id='word_1_122' title='bbox 819 1635 900 1669; x_wconf 89' lang='lat' dir='ltr'>an.</span> <span class='ocrx_word' id='word_1_123' title='bbox 943 1616 1098 1674; x_wconf 83' lang='lat'>1395.</span> <span class='ocrx_word' id='word_1_124' title='bbox 1136 1617 1184 1668; x_wconf 89' lang='lat' dir='ltr'>id</span> <span class='ocrx_word' id='word_1_125' title='bbox 1222 1626 1299 1669; x_wconf 92' lang='lat' dir='ltr'>est</span> <span class='ocrx_word' id='word_1_126' title='bbox 1319 1615 1463 1667; x_wconf 88' lang='lat' dir='ltr'>annis</span> <span class='ocrx_word' id='word_1_127' title='bbox 1501 1616 1681 1668; x_wconf 84' lang='lat' dir='ltr'>decem</span> <span class='ocrx_word' id='word_1_128' title='bbox 1706 1626 1756 1668; x_wconf 90' lang='lat' dir='ltr'>et</span> <span class='ocrx_word' id='word_1_129' title='bbox 1793 1626 1902 1669; x_wconf 88' lang='lat' dir='ltr'>octo</span> 
     </span>
     <span class='ocr_line' id='line_1_18' title="bbox 100 1699 1900 1773; baseline -0.002 -18"><span class='ocrx_word' id='word_1_130' title='bbox 100 1712 211 1773; x_wconf 90' lang='lat' dir='ltr'>post</span> <span class='ocrx_word' id='word_1_131' title='bbox 248 1712 478 1755; x_wconf 84' lang='lat' dir='ltr'>exortum</span> <span class='ocrx_word' id='word_1_132' title='bbox 516 1702 755 1766; x_wconf 86' lang='lat' dir='ltr'>schisma,</span> <span class='ocrx_word' id='word_1_133' title='bbox 803 1720 908 1754; x_wconf 88' lang='lat' dir='ltr'>cum</span> <span class='ocrx_word' id='word_1_134' title='bbox 945 1702 1007 1752; x_wconf 94' lang='lat' dir='ltr'>ob</span> <span class='ocrx_word' id='word_1_135' title='bbox 1040 1710 1321 1754; x_wconf 83' lang='lat' dir='ltr'>recusatam</span> <span class='ocrx_word' id='word_1_136' title='bbox 1359 1719 1390 1752; x_wconf 89' lang='lat' dir='ltr'>a</span> <span class='ocrx_word' id='word_1_137' title='bbox 1425 1699 1694 1754; x_wconf 89' lang='lat' dir='ltr'>Benedicto</span> <span class='ocrx_word' id='word_1_138' title='bbox 1735 1700 1900 1766; x_wconf 89' lang='lat' dir='ltr'>XIII.,</span> 
     </span>
     <span class='ocr_line' id='line_1_19' title="bbox 102 1785 1905 1856; baseline -0.001 -17"><span class='ocrx_word' id='word_1_139' title='bbox 102 1787 179 1839; x_wconf 93' lang='lat' dir='ltr'>cui</span> <span class='ocrx_word' id='word_1_140' title='bbox 216 1787 572 1852; x_wconf 87' lang='lat' dir='ltr'>adhaerebant,</span> <span class='ocrx_word' id='word_1_141' title='bbox 620 1787 747 1841; x_wconf 87' lang='lat' dir='ltr'>viam</span> <span class='ocrx_word' id='word_1_142' title='bbox 784 1785 998 1839; x_wconf 87' lang='lat' dir='ltr'>omnium</span> <span class='ocrx_word' id='word_1_143' title='bbox 1037 1786 1268 1856; x_wconf 87' lang='lat' dir='ltr'>optimam</span> <span class='ocrx_word' id='word_1_144' title='bbox 1305 1786 1717 1851; x_wconf 88' lang='lat' dir='ltr'>renuntiationis,</span> <span class='ocrx_word' id='word_1_145' title='bbox 1771 1787 1905 1840; x_wconf 91' lang='lat' dir='ltr'>inter</span> 
     </span>
     <span class='ocr_line' id='line_1_20' title="bbox 102 1863 1921 1943; baseline 0.001 -20"><span class='ocrx_word' id='word_1_146' title='bbox 102 1871 416 1940; x_wconf 84' lang='lat' dir='ltr'>quaestiones</span> <span class='ocrx_word' id='word_1_147' title='bbox 451 1871 616 1925; x_wconf 90' lang='lat' dir='ltr'>varias</span> <span class='ocrx_word' id='word_1_148' title='bbox 665 1872 789 1923; x_wconf 92' lang='lat' dir='ltr'>hanc</span> <span class='ocrx_word' id='word_1_149' title='bbox 825 1880 1000 1924; x_wconf 88' lang='lat' dir='ltr'>octavo</span> <span class='ocrx_word' id='word_1_150' title='bbox 1049 1871 1154 1924; x_wconf 89' lang='lat' dir='ltr'>loco</span> <span class='ocrx_word' id='word_1_151' title='bbox 1203 1869 1556 1923; x_wconf 78' lang='lat' dir='ltr'>discutiendam</span> <span class='ocrx_word' id='word_1_152' title='bbox 1594 1890 1806 1942; x_wconf 90' lang='lat' dir='ltr'>posuere</span> <span class='ocrx_word' id='word_1_153' title='bbox 1828 1863 1921 1943; x_wconf 72' lang='lat'>²):¹</span> 
     </span>
     <span class='ocr_line' id='line_1_21' title="bbox 113 1956 1904 2027; baseline 0.002 -20"><span class='ocrx_word' id='word_1_154' title='bbox 113 1956 296 2007; x_wconf 88' lang='lat' dir='ltr'>Utrum</span> <span class='ocrx_word' id='word_1_155' title='bbox 336 1957 494 2023; x_wconf 83' lang='lat' dir='ltr'>Papa</span> <span class='ocrx_word' id='word_1_156' title='bbox 530 1958 838 2027; x_wconf 80' lang='lat' dir='ltr'>subjiciatur</span> <span class='ocrx_word' id='word_1_157' title='bbox 875 1958 1100 2007; x_wconf 79' lang='lat' dir='ltr'>concilio</span> <span class='ocrx_word' id='word_1_158' title='bbox 1134 1958 1378 2024; x_wconf 75' lang='lat' dir='ltr'>yeuerali</span> <span class='ocrx_word' id='word_1_159' title='bbox 1411 1975 1538 2008; x_wconf 87' lang='lat' dir='ltr'>suae</span> <span class='ocrx_word' id='word_1_160' title='bbox 1575 1959 1904 2010; x_wconf 80' lang='lat' dir='ltr'>obedientiae</span> 
     </span>
     <span class='ocr_line' id='line_1_22' title="bbox 100 2026 1903 2113; baseline 0.002 -22"><span class='ocrx_word' id='word_1_161' title='bbox 100 2042 154 2092; x_wconf 82' lang='lat' dir='ltr'>iu</span> <span class='ocrx_word' id='word_1_162' title='bbox 191 2051 316 2092; x_wconf 81' lang='lat' dir='ltr'>casu</span> <span class='ocrx_word' id='word_1_163' title='bbox 352 2026 695 2092; x_wconf 65' lang='lat' dir='ltr'>recusationis</span> <span class='ocrx_word' id='word_1_164' title='bbox 728 2044 1039 2109; x_wconf 82' lang='lat' dir='ltr'>praedictae</span> <span class='ocrx_word' id='word_1_165' title='bbox 1065 2048 1180 2092; x_wconf 85' lang='lat' dir='ltr'>cum</span> <span class='ocrx_word' id='word_1_166' title='bbox 1205 2043 1420 2113; x_wconf 81' lang='lat' dir='ltr'>sequela</span> <span class='ocrx_word' id='word_1_167' title='bbox 1453 2060 1616 2110; x_wconf 80' lang='lat' dir='ltr'>usque</span> <span class='ocrx_word' id='word_1_168' title='bbox 1643 2045 1717 2093; x_wconf 83' lang='lat' dir='ltr'>ad</span> <span class='ocrx_word' id='word_1_169' title='bbox 1740 2045 1903 2111; x_wconf 80' lang='lat' dir='ltr'>depo-</span> 
     </span>
     <span class='ocr_line' id='line_1_23' title="bbox 101 2126 1904 2194; baseline 0.002 -18"><span class='ocrx_word' id='word_1_170' title='bbox 101 2128 332 2176; x_wconf 79' lang='lat' dir='ltr'>sitionem</span> <span class='ocrx_word' id='word_1_171' title='bbox 367 2127 616 2177; x_wconf 77' lang='lat' dir='ltr'>inclusive</span> <span class='ocrx_word' id='word_1_172' title='bbox 664 2129 718 2177; x_wconf 83' lang='lat' dir='ltr'>iu</span> <span class='ocrx_word' id='word_1_173' title='bbox 764 2145 890 2178; x_wconf 84' lang='lat' dir='ltr'>casu</span> <span class='ocrx_word' id='word_1_174' title='bbox 930 2129 1282 2194; x_wconf 79' lang='lat' dir='ltr'>pertinaciae.</span> <span class='ocrx_word' id='word_1_175' title='bbox 1368 2126 1545 2178; x_wconf 90' lang='lat' dir='ltr'>Adhuc</span> <span class='ocrx_word' id='word_1_176' title='bbox 1580 2136 1760 2180; x_wconf 83' lang='lat' dir='ltr'>tamen</span> <span class='ocrx_word' id='word_1_177' title='bbox 1811 2128 1904 2180; x_wconf 92' lang='lat' dir='ltr'>hoc</span> 
     </span>
     <span class='ocr_line' id='line_1_24' title="bbox 95 2209 1904 2279; baseline 0.003 -19"><span class='ocrx_word' id='word_1_178' title='bbox 95 2211 178 2279; x_wconf 87' lang='lat' dir='ltr'>jus</span> <span class='ocrx_word' id='word_1_179' title='bbox 215 2209 438 2278; x_wconf 86' lang='lat' dir='ltr'>generali</span> <span class='ocrx_word' id='word_1_180' title='bbox 473 2210 678 2263; x_wconf 89' lang='lat' dir='ltr'>concilio</span> <span class='ocrx_word' id='word_1_181' title='bbox 714 2211 935 2263; x_wconf 89' lang='lat' dir='ltr'>tribuere</span> <span class='ocrx_word' id='word_1_182' title='bbox 971 2210 1136 2262; x_wconf 89' lang='lat' dir='ltr'>multis</span> <span class='ocrx_word' id='word_1_183' title='bbox 1162 2210 1566 2263; x_wconf 87' lang='lat' dir='ltr'>dissentientibus</span> <span class='ocrx_word' id='word_1_184' title='bbox 1604 2230 1704 2264; x_wconf 90' lang='lat' dir='ltr'>non</span> <span class='ocrx_word' id='word_1_185' title='bbox 1737 2213 1904 2265; x_wconf 87' lang='lat' dir='ltr'>statim</span> 
     </span>
     <span class='ocr_line' id='line_1_25' title="bbox 103 2292 1900 2366; baseline 0.003 -21"><span class='ocrx_word' id='word_1_186' title='bbox 103 2293 340 2365; x_wconf 69' lang='lat' dir='ltr'>obtinuit,</span> <span class='ocrx_word' id='word_1_187' title='bbox 379 2292 622 2363; x_wconf 88' lang='lat' dir='ltr'>dilataque</span> <span class='ocrx_word' id='word_1_188' title='bbox 659 2313 742 2346; x_wconf 90' lang='lat' dir='ltr'>res</span> <span class='ocrx_word' id='word_1_189' title='bbox 779 2313 934 2363; x_wconf 91' lang='lat' dir='ltr'>usque</span> <span class='ocrx_word' id='word_1_190' title='bbox 971 2296 1031 2346; x_wconf 90' lang='lat' dir='ltr'>ad</span> <span class='ocrx_word' id='word_1_191' title='bbox 1067 2313 1148 2346; x_wconf 86' lang='lat' dir='ltr'>an.</span> <span class='ocrx_word' id='word_1_192' title='bbox 1180 2295 1335 2347; x_wconf 83' lang='lat'>1409.</span> <span class='ocrx_word' id='word_1_193' title='bbox 1384 2313 1478 2363; x_wconf 90' lang='lat' dir='ltr'>quo</span> <span class='ocrx_word' id='word_1_194' title='bbox 1517 2298 1737 2366; x_wconf 84' lang='lat' dir='ltr'>synodus</span> <span class='ocrx_word' id='word_1_195' title='bbox 1764 2296 1900 2350; x_wconf 91' lang='lat' dir='ltr'>Pisis</span> 
     </span>
     <span class='ocr_line' id='line_1_26' title="bbox 103 2378 1904 2447; baseline 0.002 -17"><span class='ocrx_word' id='word_1_196' title='bbox 103 2378 351 2430; x_wconf 87' lang='lat' dir='ltr'>celebrata</span> <span class='ocrx_word' id='word_1_197' title='bbox 412 2378 523 2430; x_wconf 59' lang='lat' dir='ltr'>fuit}</span> <span class='ocrx_word' id='word_1_198' title='bbox 583 2379 634 2430; x_wconf 90' lang='lat' dir='ltr'>in</span> <span class='ocrx_word' id='word_1_199' title='bbox 708 2398 804 2447; x_wconf 91' lang='lat' dir='ltr'>qua</span> <span class='ocrx_word' id='word_1_200' title='bbox 857 2379 1172 2431; x_wconf 87' lang='lat' dir='ltr'>nihilominus</span> <span class='ocrx_word' id='word_1_201' title='bbox 1228 2378 1413 2431; x_wconf 90' lang='lat' dir='ltr'>Patres</span> <span class='ocrx_word' id='word_1_202' title='bbox 1469 2397 1570 2431; x_wconf 90' lang='lat' dir='ltr'>non</span> <span class='ocrx_word' id='word_1_203' title='bbox 1626 2382 1734 2433; x_wconf 89' lang='lat' dir='ltr'>ausi</span> <span class='ocrx_word' id='word_1_204' title='bbox 1790 2393 1904 2434; x_wconf 91' lang='lat' dir='ltr'>sunt</span> 
     </span>
     <span class='ocr_line' id='line_1_27' title="bbox 103 2463 1902 2537; baseline 0.004 -25"><span class='ocrx_word' id='word_1_205' title='bbox 103 2480 390 2530; x_wconf 89' lang='lat' dir='ltr'>quemquam</span> <span class='ocrx_word' id='word_1_206' title='bbox 437 2481 464 2514; x_wconf 91' lang='lat' dir='ltr'>e</span> <span class='ocrx_word' id='word_1_207' title='bbox 501 2463 686 2515; x_wconf 92' lang='lat' dir='ltr'>duobus</span> <span class='ocrx_word' id='word_1_208' title='bbox 725 2464 1128 2517; x_wconf 84' lang='lat' dir='ltr'>contendentibus</span> <span class='ocrx_word' id='word_1_209' title='bbox 1176 2481 1269 2515; x_wconf 87' lang='lat' dir='ltr'>sua</span> <span class='ocrx_word' id='word_1_210' title='bbox 1308 2465 1604 2518; x_wconf 88' lang='lat' dir='ltr'>auctoritate</span> <span class='ocrx_word' id='word_1_211' title='bbox 1641 2468 1902 2537; x_wconf 86' lang='lat' dir='ltr'>deponere,</span> 
     </span>
     <span class='ocr_line' id='line_1_28' title="bbox 102 2547 1901 2619; baseline 0.004 -21"><span class='ocrx_word' id='word_1_212' title='bbox 102 2547 197 2598; x_wconf 89' lang='lat' dir='ltr'>nisi</span> <span class='ocrx_word' id='word_1_213' title='bbox 231 2556 487 2617; x_wconf 89' lang='lat' dir='ltr'>postquam</span> <span class='ocrx_word' id='word_1_214' title='bbox 525 2566 612 2600; x_wconf 89' lang='lat' dir='ltr'>eos</span> <span class='ocrx_word' id='word_1_215' title='bbox 661 2549 752 2600; x_wconf 90' lang='lat' dir='ltr'>alio</span> <span class='ocrx_word' id='word_1_216' title='bbox 799 2550 942 2600; x_wconf 91' lang='lat' dir='ltr'>titulo</span> <span class='ocrx_word' id='word_1_217' title='bbox 981 2549 1230 2619; x_wconf 89' lang='lat' dir='ltr'>depositos</span> <span class='ocrx_word' id='word_1_218' title='bbox 1267 2567 1335 2600; x_wconf 80' lang='lat' dir='ltr'>ex</span> <span class='ocrx_word' id='word_1_219' title='bbox 1374 2551 1617 2602; x_wconf 88' lang='lat' dir='ltr'>communi</span> <span class='ocrx_word' id='word_1_220' title='bbox 1655 2554 1901 2606; x_wconf 89' lang='lat' dir='ltr'>sententia</span> 
     </span>
     <span class='ocr_line' id='line_1_29' title="bbox 103 2631 1903 2700; baseline 0.005 -18"><span class='ocrx_word' id='word_1_221' title='bbox 103 2631 476 2683; x_wconf 79' lang='lat' dir='ltr'>existimarunt:</span> <span class='ocrx_word' id='word_1_222' title='bbox 514 2632 660 2685; x_wconf 89' lang='lat' dir='ltr'>sicuti</span> <span class='ocrx_word' id='word_1_223' title='bbox 696 2634 843 2685; x_wconf 88' lang='lat' dir='ltr'>etiam</span> <span class='ocrx_word' id='word_1_224' title='bbox 880 2635 931 2686; x_wconf 92' lang='lat' dir='ltr'>in</span> <span class='ocrx_word' id='word_1_225' title='bbox 971 2632 1344 2687; x_wconf 88' lang='lat' dir='ltr'>Constantiensi</span> <span class='ocrx_word' id='word_1_226' title='bbox 1383 2635 1575 2700; x_wconf 87' lang='lat' dir='ltr'>evenit,</span> <span class='ocrx_word' id='word_1_227' title='bbox 1627 2647 1679 2688; x_wconf 92' lang='lat' dir='ltr'>nt</span> <span class='ocrx_word' id='word_1_228' title='bbox 1717 2657 1786 2691; x_wconf 84' lang='lat' dir='ltr'>ex</span> <span class='ocrx_word' id='word_1_229' title='bbox 1823 2657 1903 2691; x_wconf 91' lang='lat' dir='ltr'>se-</span> 
     </span>
     <span class='ocr_line' id='line_1_30' title="bbox 104 2716 1900 2793; baseline 0.005 -27"><span class='ocrx_word' id='word_1_230' title='bbox 104 2716 360 2783; x_wconf 89' lang='lat' dir='ltr'>quentibus</span> <span class='ocrx_word' id='word_1_231' title='bbox 406 2716 643 2785; x_wconf 89' lang='lat' dir='ltr'>capitibus</span> <span class='ocrx_word' id='word_1_232' title='bbox 687 2720 903 2787; x_wconf 87' lang='lat' dir='ltr'>patefiet.</span> <span class='ocrx_word' id='word_1_233' title='bbox 995 2718 1107 2789; x_wconf 90' lang='lat' dir='ltr'>Ipsa</span> <span class='ocrx_word' id='word_1_234' title='bbox 1144 2718 1335 2787; x_wconf 87' lang='lat' dir='ltr'>quidem</span> <span class='ocrx_word' id='word_1_235' title='bbox 1392 2720 1589 2773; x_wconf 86' lang='lat' dir='ltr'>novitas</span> <span class='ocrx_word' id='word_1_236' title='bbox 1638 2723 1900 2793; x_wconf 84' lang='lat' dir='ltr'>opinioniS,</span> 
     </span>
     <span class='ocr_line' id='line_1_31' title="bbox 105 2799 1900 2872; baseline 0.004 -22"><span class='ocrx_word' id='word_1_237' title='bbox 105 2817 228 2867; x_wconf 89' lang='lat' dir='ltr'>quae</span> <span class='ocrx_word' id='word_1_238' title='bbox 257 2802 340 2868; x_wconf 88' lang='lat' dir='ltr'>jus</span> <span class='ocrx_word' id='word_1_239' title='bbox 377 2799 646 2853; x_wconf 87' lang='lat' dir='ltr'>coactivum</span> <span class='ocrx_word' id='word_1_240' title='bbox 684 2803 954 2872; x_wconf 85' lang='lat' dir='ltr'>deponendi</span> <span class='ocrx_word' id='word_1_241' title='bbox 989 2805 1343 2856; x_wconf 89' lang='lat' dir='ltr'>contendentes</span> <span class='ocrx_word' id='word_1_242' title='bbox 1381 2803 1433 2855; x_wconf 91' lang='lat' dir='ltr'>in</span> <span class='ocrx_word' id='word_1_243' title='bbox 1470 2805 1736 2860; x_wconf 89' lang='lat' dir='ltr'>schismate</span> <span class='ocrx_word' id='word_1_244' title='bbox 1780 2826 1900 2860; x_wconf 70' lang='lat' dir='ltr'>con⁴</span> 
     </span>
     <span class='ocr_line' id='line_1_32' title="bbox 106 2883 1903 2958; baseline 0.003 -22"><span class='ocrx_word' id='word_1_245' title='bbox 106 2883 217 2936; x_wconf 89' lang='lat' dir='ltr'>cilio</span> <span class='ocrx_word' id='word_1_246' title='bbox 254 2884 564 2951; x_wconf 81' lang='lat' dir='ltr'>quantumvis</span> <span class='ocrx_word' id='word_1_247' title='bbox 611 2887 833 2953; x_wconf 86' lang='lat' dir='ltr'>generali</span> <span class='ocrx_word' id='word_1_248' title='bbox 880 2887 1134 2952; x_wconf 89' lang='lat' dir='ltr'>tribuens,</span> <span class='ocrx_word' id='word_1_249' title='bbox 1187 2888 1239 2955; x_wconf 85' lang='lat' dir='ltr'>in</span> <span class='ocrx_word' id='word_1_250' title='bbox 1287 2898 1393 2940; x_wconf 85' lang='lat' dir='ltr'>tota</span> <span class='ocrx_word' id='word_1_251' title='bbox 1440 2889 1735 2958; x_wconf 89' lang='lat' dir='ltr'>antiquitate</span> <span class='ocrx_word' id='word_1_252' title='bbox 1771 2892 1903 2943; x_wconf 90' lang='lat' dir='ltr'>nulla</span> 
     </span>
     <span class='ocr_line' id='line_1_33' title="bbox 106 2961 1901 3045; baseline 0.004 -25"><span class='ocrx_word' id='word_1_253' title='bbox 106 2985 322 3036; x_wconf 86' lang='lat' dir='ltr'>congrua</span> <span class='ocrx_word' id='word_1_254' title='bbox 389 2961 736 3033; x_wconf 76' lang='lat' dir='ltr'>auctoritate,</span> <span class='ocrx_word' id='word_1_255' title='bbox 775 2972 908 3023; x_wconf 91' lang='lat' dir='ltr'>nullo</span> <span class='ocrx_word' id='word_1_256' title='bbox 975 2973 1201 3042; x_wconf 83' lang='lat' dir='ltr'>exemplo</span> <span class='ocrx_word' id='word_1_257' title='bbox 1257 2973 1479 3034; x_wconf 86' lang='lat' dir='ltr'>fulcitur,</span> <span class='ocrx_word' id='word_1_258' title='bbox 1527 2974 1650 3026; x_wconf 90' lang='lat' dir='ltr'>satis</span> <span class='ocrx_word' id='word_1_259' title='bbox 1693 2984 1695 2986; x_wconf 82' lang='grc'><strong>’</strong></span> <span class='ocrx_word' id='word_1_260' title='bbox 1704 2993 1792 3045; x_wconf 89' lang='lat' dir='ltr'>per</span> <span class='ocrx_word' id='word_1_261' title='bbox 1847 2993 1901 3027; x_wconf 91' lang='lat' dir='ltr'>se</span> 
     </span>
     <span class='ocr_line' id='line_1_34' title="bbox 104 3051 1904 3126; baseline 0.004 -23"><span class='ocrx_word' id='word_1_262' title='bbox 104 3052 254 3122; x_wconf 87' lang='lat' dir='ltr'>ipsius</span> <span class='ocrx_word' id='word_1_263' title='bbox 338 3051 583 3123; x_wconf 90' lang='lat' dir='ltr'>opinionis</span> <span class='ocrx_word' id='word_1_264' title='bbox 654 3054 916 3107; x_wconf 86' lang='lat' dir='ltr'>falsitatem</span> <span class='ocrx_word' id='word_1_265' title='bbox 988 3056 1188 3126; x_wconf 84' lang='lat' dir='ltr'>detegit.</span> <span class='ocrx_word' id='word_1_266' title='bbox 1315 3055 1397 3109; x_wconf 93' lang='lat' dir='ltr'>Ne</span> <span class='ocrx_word' id='word_1_267' title='bbox 1481 3077 1602 3111; x_wconf 86' lang='lat' dir='ltr'>vero</span> <span class='ocrx_word' id='word_1_268' title='bbox 1673 3069 1904 3112; x_wconf 87' lang='lat' dir='ltr'>moveant</span> 
     </span>
     <span class='ocr_line' id='line_1_35' title="bbox 107 3137 1902 3211; baseline 0.004 -24"><span class='ocrx_word' id='word_1_269' title='bbox 107 3137 366 3189; x_wconf 88' lang='lat' dir='ltr'>earundem</span> <span class='ocrx_word' id='word_1_270' title='bbox 413 3137 712 3206; x_wconf 84' lang='lat' dir='ltr'>synodorum</span> <span class='ocrx_word' id='word_1_271' title='bbox 762 3138 980 3193; x_wconf 89' lang='lat' dir='ltr'>Pisanae</span> <span class='ocrx_word' id='word_1_272' title='bbox 1027 3151 1076 3193; x_wconf 88' lang='lat' dir='ltr'>et</span> <span class='ocrx_word' id='word_1_273' title='bbox 1123 3139 1526 3194; x_wconf 87' lang='lat' dir='ltr'>Constantiensis</span> <span class='ocrx_word' id='word_1_274' title='bbox 1574 3152 1746 3211; x_wconf 86' lang='lat' dir='ltr'>gesta,</span> <span class='ocrx_word' id='word_1_275' title='bbox 1797 3142 1902 3210; x_wconf 90' lang='lat' dir='ltr'>qui-</span> 
     </span>
    </p>
   </div>
   <div class='ocr_carea' id='block_1_3' title="bbox 230 3345 1068 3462">
    <p class='ocr_par' dir='ltr' id='par_1_4' title="bbox 230 3345 1068 3462">
     <span class='ocr_line' id='line_1_36' title="bbox 231 3345 893 3399; baseline 0.009 -13"><span class='ocrx_word' id='word_1_276' title='bbox 231 3345 264 3397; x_wconf 87' lang='grc'>1)</span> <span class='ocrx_word' id='word_1_277' title='bbox 295 3349 490 3399; x_wconf 85' lang='lat' dir='ltr'>Raynald.</span> <span class='ocrx_word' id='word_1_278' title='bbox 524 3353 602 3393; x_wconf 90' lang='lat' dir='ltr'>loc.</span> <span class='ocrx_word' id='word_1_279' title='bbox 636 3354 706 3391; x_wconf 87' lang='lat' dir='ltr'>cit.</span> <span class='ocrx_word' id='word_1_280' title='bbox 891 3364 893 3366; x_wconf 87' lang='lat'>·</span> 
     </span>
     <span class='ocr_line' id='line_1_37' title="bbox 230 3404 1068 3462; baseline 0.005 -17"><span class='ocrx_word' id='word_1_281' title='bbox 230 3404 268 3459; x_wconf 76' lang='lat'>²)</span> <span class='ocrx_word' id='word_1_282' title='bbox 303 3407 409 3446; x_wconf 83' lang='lat' dir='ltr'>Idem</span> <span class='ocrx_word' id='word_1_283' title='bbox 440 3420 506 3449; x_wconf 78' lang='lat' dir='ltr'>an.</span> <span class='ocrx_word' id='word_1_284' title='bbox 541 3410 666 3451; x_wconf 83' lang='lat'><strong>1395.</strong></span> <span class='ocrx_word' id='word_1_285' title='bbox 698 3423 736 3450; x_wconf 91' lang='lat' dir='ltr'>n.</span> <span class='ocrx_word' id='word_1_286' title='bbox 769 3412 811 3450; x_wconf 83' lang='lat'>9.</span> <span class='ocrx_word' id='word_1_287' title='bbox 844 3423 934 3462; x_wconf 87' lang='lat' dir='ltr'>pag.</span> <span class='ocrx_word' id='word_1_288' title='bbox 967 3411 1068 3450; x_wconf 86' lang='lat'><strong>390.</strong></span> 
     </span>
    </p>
   </div>
  </div>
 </body>
</html>
