2326 3854
669 204 1313 261 ——223-——-—

89 376 303 430 Sanctus
342 378 534 445 quoque
571 373 857 445 Cyprianus
894 370 1030 442 'apud
1079 369 1286 423 eundem
1319 364 1630 430 intercessit5
1677 374 1730 415 ut
1767 364 1894 419 datis

91 463 150 515 ad
186 462 320 532 ipsos
358 460 538 513 litteris
560 462 794 512 abstento
833 456 911 527 (id
936 465 1014 509 est
1051 452 1302 526 deposito)
1341 453 1627 504 Marciano
1664 451 1802 520 nlius
1836 452 1894 499 in

90 548 261 599 locum
300 552 411 618 ejus
446 547 879 598 substitueretur?
935 539 1079 608 Quae
1116 557 1238 593 sane
1277 536 1587 591 Pontificiam
1625 532 1894 586 auctorita—

88 640 187 683 tem
243 649 302 683 eo
349 648 467 682 casu
514 629 842 683 exercendam
897 627 1166 680 declarant.
1241 622 1298 677 S.
1350 620 1630 694 Cyprianus
1676 628 1812 672 certe
1846 618 1895 670 id

89 732 240 784 agere
277 731 427 766 ausus
464 732 563 766 non
601 723 706 777 est,
745 731 852 765 cum
883 713 993 782 jum,
1042 710 1169 780 quod
1207 708 1300 762 sibi
1336 708 1548 759 humana
1584 703 1896 757 institutione

89 800 423 869 competebat,
461 808 612 851 extra
646 797 872 850 Africam
908 814 1008 848 non
1053 793 1426 848 extenderetur.
1499 791 1589 844 Ex
1625 793 1734 845 zelo
1773 791 1894 844 scri-

89 886 206 937 bere
261 893 312 937 et
332 924 339 929 »
365 883 593 936 excitare
642 880 947 953 Stephanum
1000 890 1227 952 poterat,
1273 877 1585 931 Marcianum
1620 878 1896 948 deponere,

89 979 174 1034 aut
219 968 575 1039 depositionem
621 969 727 1038 ejus
774 965 1053 1020 Gallicanis¹
1094 964 1409 1039 praecipere,
1457 962 1669 1038 aliumve
1717 961 1899 1015 substi-

87 1065 228 1108 tuere
264 1073 363 1107 non
401 1062 616 1125 poterat.
691 1051 937 1106 Gallicani
984 1062 1176 1117 autem,
1231 1067 1355 1119 quos
1401 1049 1462 1101 ad
1497 1047 1802 1120 Stephanum
1840 1066 1899 1100 ea

89 1141 253 1192 dere
301 1139 562 1210 scripsisse
615 1136 674 1192 S.
709 1135 1004 1209 Cyprianus
1049 1145 1267 1190 testatur
1286 1175 1301 1201 ‚
1363 1153 1423 1188 ea
1466 1135 1599 1186 forte
1642 1134 1703 1186 de
1748 1150 1899 1186 causa

90 1226 416 1295 confugerunt
453 1224 519 1276 ad
547 1221 872 1295 Stephanum,
911 1223 1027 1292 quia
1054 1225 1160 1293 juS‚
1194 1221 1324 1290 quod
1348 1220 1530 1291 primis
1566 1219 1664 1270 illis
1690 1218 1899 1271 saeculis

90 1310 348 1379 aliquando
386 1306 1003 1379 exercuerant.«nonnulla
1039 1304 1398 1376 Episcoporum
1437 1303 1646 1357 eoncilia
1690 1303 1742 1355 in
1778 1302 1900 1375 Epi·

88 1393 620 1465 scoposprovinciae,
651 1410 765 1449 'cum
802 1393 1045 1452 humanae
1081 1390 1410 1443 institutionis
1447 1398 1583 1442 esset
1619 1387 1788 1460 (solus
1825 1388 1900 1440 ni-

90 1478 556 1532 mirumRomanus
592 1478 823 1531 Antistes
872 1475 929 1530 S.
971 1476 1112 1530 Petri
1152 1493 1419 1530 ‚successor
1453 1474 1714 1547 Episcopis
1745 1475 1901 1547 juris-

89 1564 301 1618 dictione
332 1574 553 1636 praestat
581 1567 697 1636 jure
746 1562 962 1634 divino),
996 1570 1198 1634 poterat
1231 1561 1426 1615 vocari-
1448 1560 1501 1612 in
1544 1560 1737 1614 dubium
1763 1562 1900 1632 ¹apud

91 1648 288 1714 Gallos,
319 1649 436 1718 1qui2
469 1660 586 1702 tunc
627 1650 813 1701 nullum
859 1649 1070 1701 forsitan
1117 1648 1250 1700 inter
1294 1664 1413 1706 suos
1452 1647 1730 1718 exemplum
1769 1648 1900 1717 ejus-

91 1736 216 1787 modi
255 1735 613 1807 depositionum
662 1743 934 1800 novern‘ut3
978 1743 1032 1787 at
1069 1735 1155 1804 jus
1192 1731 1504 1785 Pontificium'
1554 1750 1705 1804 supra
1735 1750 1901 1802 quos-

93 1839 284 1890 cunque
313 1820 626 1875 >universalis
673 1819 929 1874 Ecclesiae
974 1817 1277 1890 Episcopus,
1325 1819 1451 1888 quod
1497 1837 1528 1871 e
1583 1818 1776 1872 divinae
1823 1818 1900 1869 in-

94 1907 389 1961 stitutionis
440 1905 655 1977 primatu
736 1905 934 1970 oritur',.
996 1905 1129 1958 nulla
1186 1902 1538 1958 Ecclesiastico
1589 1903 1902 1957 institutione

93 2001 187 2042 aut*
210 1991 442 2061 exemplo
488 1999 684 2061 poterat
716 1990 988 2056 infirmari,
1033 2000 1120 2043 aut
1165 1990 1217 2042 in
1250 1991 1445 2043 dubium
1495 1989 1682 2043 adduci.
1767 1988 1918 2041 Num·

90 2075 382 2146 Papasshoc.
413 2076 493 2145 jus
527 2086 790 2128 exerceret
842 2095 931 2147 per
991 2094 1046 2129 se
1072 2075 1319 2140 >Romae,
1354 2080 1432 2128 ‘an
1461 2068 1601 2130 ‘vero
1658 2093 1903 2128 exercen-

91 2161 202 2212 dum
227 2208 230 2211 ,
255 2160 516 2213 crederet:
566 2179 656 2231 per
707 2158 1002 2232 Episcopos.
1045 2162 1364 2232 provinciae,
1452 2180 1512 2214 eo
1582 2162 1709 2231 quod
1778 2161 1903 2214 haec

93 2245 348 2299 methodus
385 2244 574 2302 facilior
611 2245 772 2315 mgis
809 2247 1087 2317 expediret,
1119 2247 1247 2317 juris
1284 2246 1536 2300 Pontilicii
1570 2247 1902 2299 substantiam

93 2347 183 2383 nee
236 2330 477 2382 immutat⁴
510 2335 612 2382 :nee
657 2330 891 2382 infirmat.
940 2367 942 2369 -
984 2331 1115 2388 Hoc·
1152 2333 1333 2385 factum
1378 2349 1450 2384 ex
1506 2330 1763 2403 Cypriano
1819 2332 1902 2384 de-

93 2415 287 2468 ductum
324 2415 521 2468 inanem·
557 2415 743 2484 detegit
774 2414 1018 2469 Fehronii
1051 2418 1230 2486 nisum,
1270 2437 1367 2487 quo
1397 2437 1467 2471 ex
1503 2418 1722 2489 ejusdem
1758 2415 1901 2469 Mar-

93 2500 225 2571 tyris
254 2500 418 2570 ‘gestis
454 2501 622 2571 colligi
659 2502 748 2566 ait,
784 2500 913 2555 hune
950 2500 1184 2555 Romano
1221 2503 1454 2574 primatui
1473 2510 1572 2576 jaas
1609 2506 1780 2556 solum
1817 2507 1903 2556 de-

93 2588 233 2638 disse
269 2588 496 2638 conez’lia
525 2590 871 2649 convocandi,
906 2590 1118 2658 illisque
1135 2580 1504 2657 praesidendi,
1547 2591 1903 2658 Coepiscopos

89 2675 327 2739 fraterni
361 2674 705 2734 admonendi,
752 2675 1048 2744 similiaque
1087 2679 1442 2742 praestandi,
1491 2693 1618 2745 quae
1656 2693 1762 2728 cum
1801 2674 1902 2745 pri·

95 2756 248 2808 matui
283 2757 411 2808 meri
444 2758 647 2815 honoris
684 2764 735 2809 et
769 2758 955 2811 ordinis
987 2771 1300 2829 congruunt,
1349 2771 1452 2813 tum
1487 2779 1610 2815 vero
1646 2759 1901 2830 imperium

95 2851 146 2894 et
216 2850 475 2895 externam
546 2842 890 2906 coactionem,
920 2862 1077 2912 cquae
1124 2845 1203 2897 ,in
1247 2845 1584 2916 ,depositione
1655 2844 1904 2896 Marciani

97 2927 350 2979 exerenda
388 2936 520 2988 erat,
571 2945 878 2996 nequaquam
915 2930 1218 2999 praeferunt.
1293 2927 1486 2997 Quodsi
1523 2929 1580 2983 S.
1621 2928 1903 3002 Cyprianus

97 3013 161 3063 in.
180 3012 367 3065 litteris
404 3013 462 3065 ad
499 3010 804 3083 Stephanum
824 3052 838 3078 ‚
888 3031 918 3066 a
952 3014 1154 3068 vocibus
1190 3015 1385 3086 imperii
1419 3026 1470 3069 et
1507 3016 1778 3069 coactionis
1817 3016 1904 3068 ab·

98 3097 314 3163 scincus,
362 3116 665 3151 communem
703 3098 753 3151 in
791 3117 851 3151 eo
888 3101 1099 3155 omnium
1136 3098 1492 3172 Episcoporum
1511 3123 1514 3126 ’
1530 3101 1902 3155 sollicitudinem

97 3184 483 3250 commendavit3
521 3203 622 3237 non
659 3184 840 3239 idcirco
875 3203 1045 3256 parem
1084 3186 1256 3256 cuique
1278 3185 1526 3258 Episcopo
1565 3206 1624 3240 ac
1649 3185 1903 3258 Stephano

98 3268 440 3322 auctoritatem
477 3270 708 3323 asseruit.
778 3268 1056 3324 >Commune
1102 3272 1328 3324 omnihus
1363 3272 1653 3343 vigilantiae
1690 3272 1902 3326 debitum

97 3364 151 3407 et
194 3353 413 3406 officium
435 3355 593 3408 :inmo
631 3356 865 3420 collocat,
892 3366 1157 3426 quatenus
1195 3376 1374 3411 omnes.
1399 3356 1659 3417 Ecclesiae
1702 3358 1904 3428 ubilibet

102 3439 358 3491 laboranti
406 3440 804 3505 exqsseommuni'
853 3442 962 3494 zelo
996 3432 1211 3496 *dehent
1283 3444 1575 3511 subvenire3
1650 3443 1902 3516 Stephano
