2326 3854
301 1259 573 1341 Tl'wu
607 1255 989 1355 ‘CAPITUM
1038 1255 1146 1335 ΕΤ
1199 1254 1690 1336 SEOTIONUM.

976 1600 1012 1646 Ι.

95 1715 183 1763 DE
221 1711 624 1762 POTESTATE
670 1710 1194 1759 ECCLESIASTICA‘
1238 1698 1643 1763 SUMMORUM
1665 1709 1853 1758 PONT
1857 1711 1901 1758 1-

324 1784 536 1833 FICUM
570 1783 660 1831 ET
700 1781 1172 1831 CONCILIORUM
1208 1779 1666 1830 GENERALIUM.

96 1869 324 1912 Praefatio
356 1869 537 1912 Autoris
541 1897 811 1913 ..........
824 1932 826 1934 ¹
828 1895 1308 1909 .................
1309 1917 1311 1919 v
1328 1896 1721 1909 ..............
1740 1880 1840 1923 pag.
1875 1864 1901 1907 3

847 1954 1069 2004 CAPUT
1105 1957 1142 2002 Ι.

150 2042 219 2084 De
247 2040 567 2097 jurisdictionis
598 2038 940 2083 Ecclesiasticae
979 2027 1172 2095 origine,
1218 2044 1266 2082 et
1295 2039 1350 2082 de
1390 2038 1641 2082 discrimine
1668 2039 1784 2096 juris

93 2102 213 2145 inter
244 2102 292 2145 S.
324 2101 507 2143 Petrum
539 2102 586 2142 et
616 2105 790 2142 ceteros
821 2098 1056 2155 Apostolos
1089 2113 1328 2155 eorumque
1361 2112 1664 2152 successores,
1706 2100 1783 2156 qui

93 2161 138 2203 in
172 2160 319 2204 varios
349 2159 676 2215 Episcoporum
707 2158 871 2214 gradus
903 2158 1254 2215 distinguuntur.
1291 2187 1775 2200 .................

211 2234 248 2288 §.
280 2234 314 2276 Ι.
375 2231 635 2275 Jurisdictio
666 2230 983 2274 Ecclesiastica
1018 2232 1156 2274 Petro
1196 2237 1242 2273 et
1269 2229 1496 2286 Apostolis
1533 2230 1784 2273 immediate

96 2291 254 2334 collata
285 2290 373 2334 fuit
403 2305 430 2333 a
463 2291 664 2333 Christo·
708 2305 790 2332 nec
818 2289 1049 2336 Ecclesiae
1079 2290 1329 2332 immediate
1368 2289 1536 2332 tradita
1568 2289 1656 2332 dici
1687 2294 1783 2344 pot-

96 2355 177 2403 est,
207 2350 392 2406 perinde
423 2363 476 2392 ac
505 2349 546 2392 si
573 2350 737 2392 Petrus
768 2352 816 2391 et
834 2348 1037 2406 Apostoli
1065 2348 1182 2391 illam
1213 2348 1470 2403 acceperint
1499 2348 1556 2391 ab
1576 2347 1784 2391 Ecclesia

95 2408 243 2466 quoad
273 2422 437 2450 merum
466 2407 772 2450 ministerium
765 2436 1776 2451 ...................................

209 2482 263 2525 II.
294 2481 464 2524 Eadem
487 2479 740 2537 ⁸iurisdictio
771 2480 907 2523 Petro
940 2461 987 2522 et
1006 2459 1230 2535 Apostolis
1250 2459 1508 2522 immediate
1541 2479 1707 2523 tradita
1737 2479 1782 2523 iu

93 2542 254 2584 bonum
284 2537 514 2584 Ecclesiae
553 2553 640 2582 non
681 2537 876 2581 debebat
917 2552 1012 2581 cum
1043 2538 1179 2580 Petro
1219 2545 1265 2580 et
1301 2537 1531 2595 Apostolis
1569 2538 1785 2608 extingui,

94 2599 250 2643 sedin
279 2599 405 2643 Petri
436 2603 483 2641 et
511 2596 824 2655 Apostolorum
863 2610 1144 2659 successores
1176 2597 1370 2640 debebat
1398 2597 1613 2651 transire,
1655 2612 1708 2641 ac
1737 2597 1785 2640 in

93 2658 190 2703 istis
222 2673 366 2715 aeque
396 2657 646 2702 Immediate
675 2655 874 2713 residere
906 2660 954 2700 et
972 2653 1231 2712 permanere
1262 2671 1404 2714 usque
1436 2657 1492 2701 ad
1515 2661 1781 2700 consumma-

94 2717 258 2760 tionem
289 2715 468 2759 saeculi
501 2716 619 2759 sicut
638 2730 782 2772 usque
804 2716 860 2757 ad
891 2713 1059 2757 saeculi
1081 2715 1497 2758 consummationem
1529 2714 1662 2758 debet
1683 2731 1779 2772 per-

94 2789 270 2818 manere
300 2771 531 2828 Ecclesia
542 2775 610 2817 ob
642 2775 774 2830 cujus
799 2774 996 2830 regimen
1027 2787 1065 2819 a
1086 2774 1264 2817 Christo
1294 2775 1384 2818 fuit
1411 2775 1620 2818 instituta
1624 2805 1774 2818 ......

211 2846 287 2888 111.
326 2844 594 2890 Jurisdictio
610 2847 793 2903 propria
824 2848 871 2890 S.
902 2845 1028 2889 Petri
1059 2846 1231 2892 ratione
1269 2847 1484 2903 primatus
1521 2847 1661 2905 ipsius
1693 2849 1781 2891 sin-

97 2904 262 2962 gularis
293 2918 345 2946 ac
375 2900 619 2961 personalis
651 2919 705 2948 ea
733 2905 839 2957 fuit,
879 2910 932 2948 ut
962 2905 1138 2950 ceteris
1158 2907 1358 2949 omnibus
1391 2907 1523 2949 etiam
1554 2907 1781 2966 Apostolis

95 2966 321 3020 potestate
353 2962 612 3020 ceteroquin
636 2963 938 3078 aepulalibus
921 2969 1154 3020 praeesset
1181 2971 1269 3008 non
1290 2975 1410 3008 mera
1431 2965 1601 3010 ordinis
1634 2973 1681 3010 et
1704 2968 1782 3009 ho-

96 3022 227 3075 noris,
258 3023 338 3065 sed
368 3021 606 3078 peculiaris
635 3037 681 3064 ιιι

96 3095 182 3139 que
211 3081 297 3138 ipsi
327 3085 448 3124 esset
475 3080 523 3123 in
555 3096 704 3124 omnes
735 3087 822 3123 non
854 3081 1140 3124 distributive
1172 3084 1334 3134 solum,
1376 3083 1455 3142 sed
1488 3085 1619 3127 etiam
1651 3084 1781 3127 colle-

97 3140 216 3183 ctive
256 3143 424 3183 sumtos
463 3140 520 3183 ad
551 3138 795 3183 custodiam
835 3139 1033 3184 unitatis.
1092 3139 1213 3182 Idem
1243 3141 1418 3184 omuino
1452 3143 1529 3197 J’us
1567 3141 1780 3198 competit

96 3198 294 3242 similiter
314 3199 523 3242 Romanis
542 3198 834 3242 Pontificibus
865 3194 1199 3240 successoribus
1217 3199 1266 3244 8.
1280 3198 1422 3252 Petri,
1451 3200 1510 3245 ad
1531 3213 1645 3257 quos
1665 3201 1780 3243 idem
1802 3231 1805 3234 -

96 3257 307 3312 primatus
338 3258 393 3300 ob
423 3257 538 3300 idem
567 3257 753 3301 unitatis
783 3258 946 3299 bonum
971 3257 1073 3312 jure
1104 3257 1398 3300 successionis
1429 3259 1638 3314 pervenit
1641 3290 1766 3301 .....

210 3331 283 3373 IV.
327 3330 378 3372 In
405 3331 653 3388 Episcopos
685 3330 995 3386 Apostolorum
1025 3343 1304 3373 successores
1343 3346 1428 3375 non
1458 3332 1573 3374 idem
1607 3333 1779 3375 omnino

93 3389 166 3442 jus
196 3390 503 3445 Apostolorum
541 3390 764 3434 transivit.
832 3388 912 3431 Jus
955 3384 1073 3445 quod
1109 3387 1198 3430 illis
1234 3389 1280 3432 in
1319 3390 1459 3434 initiis
1499 3393 1781 3448 competebat

96 3448 318 3501 Apostolis
347 3448 395 3490 in
425 3448 676 3493 universam
702 3446 971 3500 Ecclesiam,
1013 3448 1410 3493 extraordinarium
1439 3450 1547 3505 fuit,
1586 3451 1705 3507 quod
1734 3451 1780 3494 in

97 3505 343 3561 Episcopos
375 3520 525 3550 eorum
555 3521 833 3555 successores
866 3521 953 3549 non
985 3505 1167 3550 transit.
1196 3507 1242 3552 in
1273 3507 1365 3553 solo
1398 3514 1545 3555 autem
1570 3510 1618 3554 S.
1642 3509 1780 3554 Petro

1850 2773 1901 2815 10

750 3036 821 3064 sos
847 3022 962 3078 Juris
983 3023 1300 3079 praerogativa
1320 3025 1437 3067 bono
1460 3025 1661 3081 unitatis,
1685 3027 1781 3081 jus·
1837 3060 1844 3064 .

1845 3257 1897 3300 12
