<?xml version="1.0" encoding="UTF-8"?>
<!DOCTYPE html PUBLIC "-//W3C//DTD XHTML 1.0 Transitional//EN"
    "http://www.w3.org/TR/xhtml1/DTD/xhtml1-transitional.dtd">
<html xmlns="http://www.w3.org/1999/xhtml" xml:lang="en" lang="en">
 <head>
  <title>
</title>
<meta http-equiv="Content-Type" content="text/html;charset=utf-8" />
  <meta name='ocr-system' content='tesseract 3.04.00' />
  <meta name='ocr-capabilities' content='ocr_page ocr_carea ocr_par ocr_line ocrx_word'/>
</head>
<body>
  <div class='ocr_page' id='page_1' title='image "./ra546170800balluoft_0128.png"; bbox 0 0 2326 3854; ppageno 0'>
   <div class='ocr_carea' id='block_1_1' title="bbox 979 104 1599 160">
    <p class='ocr_par' dir='ltr' id='par_1_1' title="bbox 979 104 1599 160">
     <span class='ocr_line' id='line_1_1' title="bbox 979 104 1599 160; baseline 0.002 -16"><span class='ocrx_word' id='word_1_1' title='bbox 979 104 1599 160; x_wconf 38' lang='lat'><strong>*62*</strong></span> 
     </span>
    </p>
   </div>
   <div class='ocr_carea' id='block_1_2' title="bbox 324 265 2222 3489">
    <p class='ocr_par' dir='ltr' id='par_1_2' title="bbox 324 265 2222 2702">
     <span class='ocr_line' id='line_1_2' title="bbox 366 265 2217 342; baseline 0.003 -22"><span class='ocrx_word' id='word_1_2' title='bbox 366 286 465 321; x_wconf 92' lang='lat' dir='ltr'><strong>non</strong></span> <span class='ocrx_word' id='word_1_3' title='bbox 514 286 639 322; x_wconf 89' lang='lat' dir='ltr'><strong>vero</strong></span> <span class='ocrx_word' id='word_1_4' title='bbox 688 268 801 341; x_wconf 90' lang='lat' dir='ltr'><strong>ipsa</strong></span> <span class='ocrx_word' id='word_1_5' title='bbox 848 267 1152 324; x_wconf 89' lang='lat' dir='ltr'><strong>universalis</strong></span> <span class='ocrx_word' id='word_1_6' title='bbox 1198 265 1458 342; x_wconf 74' lang='lat' dir='ltr'>Ecclesia,</span> <span class='ocrx_word' id='word_1_7' title='bbox 1508 278 1594 321; x_wconf 90' lang='lat' dir='ltr'><strong>aut</strong></span> <span class='ocrx_word' id='word_1_8' title='bbox 1642 271 1883 340; x_wconf 88' lang='lat' dir='ltr'><strong>generale</strong></span> <span class='ocrx_word' id='word_1_9' title='bbox 1934 271 2217 329; x_wconf 82' lang='lat' dir='ltr'><strong>Concilium</strong></span> 
     </span>
     <span class='ocr_line' id='line_1_3' title="bbox 365 352 2216 428; baseline 0.003 -20"><span class='ocrx_word' id='word_1_10' title='bbox 365 373 474 409; x_wconf 85' lang='lat' dir='ltr'><strong>eam</strong></span> <span class='ocrx_word' id='word_1_11' title='bbox 511 365 930 428; x_wconf 86' lang='lat' dir='ltr'><strong>repraesentans,</strong></span> <span class='ocrx_word' id='word_1_12' title='bbox 980 352 1216 426; x_wconf 89' lang='lat' dir='ltr'><strong>primatui</strong></span> <span class='ocrx_word' id='word_1_13' title='bbox 1259 371 1351 407; x_wconf 90' lang='lat' dir='ltr'><strong>seu</strong></span> <span class='ocrx_word' id='word_1_14' title='bbox 1388 352 1691 409; x_wconf 89' lang='lat' dir='ltr'><strong>Pontificiae</strong></span> <span class='ocrx_word' id='word_1_15' title='bbox 1719 356 2060 427; x_wconf 82' lang='lat' dir='ltr'><strong>jurisdictioni</strong></span> <span class='ocrx_word' id='word_1_16' title='bbox 2098 363 2216 414; x_wconf 92' lang='lat' dir='ltr'><strong>sub-</strong></span> 
     </span>
     <span class='ocr_line' id='line_1_4' title="bbox 356 428 2216 518; baseline 0.004 -23"><span class='ocrx_word' id='word_1_17' title='bbox 356 443 546 515; x_wconf 89' lang='lat' dir='ltr'><strong>jicitur.</strong></span> <span class='ocrx_word' id='word_1_18' title='bbox 622 442 765 496; x_wconf 90' lang='lat' dir='ltr'><strong>Haec</strong></span> <span class='ocrx_word' id='word_1_19' title='bbox 803 440 1062 495; x_wconf 88' lang='lat' dir='ltr'><strong>Martinus</strong></span> <span class='ocrx_word' id='word_1_20' title='bbox 1099 437 1171 495; x_wconf 92' lang='lat' dir='ltr'><strong>V.</strong></span> <span class='ocrx_word' id='word_1_21' title='bbox 1209 441 1417 495; x_wconf 89' lang='lat' dir='ltr'><strong>totidem</strong></span> <span class='ocrx_word' id='word_1_22' title='bbox 1454 442 1626 498; x_wconf 83' lang='lat' dir='ltr'><strong>verbis</strong></span> <span class='ocrx_word' id='word_1_23' title='bbox 1667 428 1945 518; x_wconf 71' lang='lat' dir='ltr'><strong>exscripsit</strong></span> <span class='ocrx_word' id='word_1_24' title='bbox 1982 448 2216 502; x_wconf 76' lang='lat' dir='ltr'><strong>exactis</strong></span> 
     </span>
     <span class='ocr_line' id='line_1_5' title="bbox 363 527 2216 602; baseline 0.002 -19"><span class='ocrx_word' id='word_1_25' title='bbox 363 529 575 583; x_wconf 87' lang='lat' dir='ltr'><strong>Patrum</strong></span> <span class='ocrx_word' id='word_1_26' title='bbox 616 527 1087 584; x_wconf 84' lang='lat' dir='ltr'><strong>Constantiensium</strong></span> <span class='ocrx_word' id='word_1_27' title='bbox 1138 528 1191 580; x_wconf 87' lang='lat' dir='ltr'><strong>in</strong></span> <span class='ocrx_word' id='word_1_28' title='bbox 1230 529 1622 584; x_wconf 81' lang='lat' dir='ltr'><strong>condemnandis</strong></span> <span class='ocrx_word' id='word_1_29' title='bbox 1661 531 1923 586; x_wconf 87' lang='lat' dir='ltr'><strong>erroribus</strong></span> <span class='ocrx_word' id='word_1_30' title='bbox 1962 530 2216 602; x_wconf 73' lang='lat' dir='ltr'><strong>Wicleffi3</strong></span> 
     </span>
     <span class='ocr_line' id='line_1_6' title="bbox 364 612 2217 690; baseline 0.002 -19"><span class='ocrx_word' id='word_1_31' title='bbox 364 617 550 672; x_wconf 89' lang='lat' dir='ltr'><strong>Patres</strong></span> <span class='ocrx_word' id='word_1_32' title='bbox 589 627 753 671; x_wconf 90' lang='lat' dir='ltr'><strong>autem</strong></span> <span class='ocrx_word' id='word_1_33' title='bbox 794 612 1219 670; x_wconf 88' lang='lat' dir='ltr'><strong>Constantienses</strong></span> <span class='ocrx_word' id='word_1_34' title='bbox 1248 619 1368 688; x_wconf 89' lang='lat' dir='ltr'><strong>jure</strong></span> <span class='ocrx_word' id='word_1_35' title='bbox 1405 627 1647 672; x_wconf 90' lang='lat' dir='ltr'><strong>notarunt</strong></span> <span class='ocrx_word' id='word_1_36' title='bbox 1684 619 1895 690; x_wconf 83' lang='lat' dir='ltr'><strong>erroriS,</strong></span> <span class='ocrx_word' id='word_1_37' title='bbox 1935 630 1986 674; x_wconf 91' lang='lat' dir='ltr'><strong>et</strong></span> <span class='ocrx_word' id='word_1_38' title='bbox 2024 620 2217 675; x_wconf 84' lang='lat' dir='ltr'><strong>erroris</strong></span> 
     </span>
     <span class='ocr_line' id='line_1_7' title="bbox 364 702 2216 781; baseline 0.002 -24"><span class='ocrx_word' id='word_1_39' title='bbox 364 723 488 758; x_wconf 89' lang='lat' dir='ltr'><strong>sane</strong></span> <span class='ocrx_word' id='word_1_40' title='bbox 528 713 707 757; x_wconf 87' lang='lat' dir='ltr'><strong>eontra</strong></span> <span class='ocrx_word' id='word_1_41' title='bbox 742 702 914 768; x_wconf 88' lang='lat' dir='ltr'><strong>fidem,</strong></span> <span class='ocrx_word' id='word_1_42' title='bbox 960 702 1022 757; x_wconf 91' lang='lat' dir='ltr'><strong>de</strong></span> <span class='ocrx_word' id='word_1_43' title='bbox 1061 714 1298 777; x_wconf 85' lang='lat' dir='ltr'><strong>quatum</strong></span> <span class='ocrx_word' id='word_1_44' title='bbox 1347 705 1668 759; x_wconf 90' lang='lat' dir='ltr'><strong>decidendum</strong></span> <span class='ocrx_word' id='word_1_45' title='bbox 1707 706 1830 773; x_wconf 87' lang='lat' dir='ltr'><strong>fuit,</strong></span> <span class='ocrx_word' id='word_1_46' title='bbox 1881 726 2074 780; x_wconf 86' lang='lat' dir='ltr'><strong>negare</strong></span> <span class='ocrx_word' id='word_1_47' title='bbox 2111 709 2216 781; x_wconf 90' lang='lat' dir='ltr'><strong>pri-</strong></span> 
     </span>
     <span class='ocr_line' id='line_1_8' title="bbox 364 788 2217 864; baseline 0.004 -22"><span class='ocrx_word' id='word_1_48' title='bbox 364 801 547 844; x_wconf 89' lang='lat' dir='ltr'><strong>matum</strong></span> <span class='ocrx_word' id='word_1_49' title='bbox 589 798 641 844; x_wconf 89' lang='lat' dir='ltr'><strong>et</strong></span> <span class='ocrx_word' id='word_1_50' title='bbox 670 791 755 862; x_wconf 86' lang='lat' dir='ltr'><strong>jus</strong></span> <span class='ocrx_word' id='word_1_51' title='bbox 793 788 1119 844; x_wconf 85' lang='lat' dir='ltr'><strong>Pontificium</strong></span> <span class='ocrx_word' id='word_1_52' title='bbox 1156 809 1309 864; x_wconf 85' lang='lat' dir='ltr'><strong>super</strong></span> <span class='ocrx_word' id='word_1_53' title='bbox 1356 791 1689 863; x_wconf 80' lang='lat' dir='ltr'><strong>particulares</strong></span> <span class='ocrx_word' id='word_1_54' title='bbox 1726 791 1998 849; x_wconf 90' lang='lat' dir='ltr'><strong>Ecclesias.</strong></span> <span class='ocrx_word' id='word_1_55' title='bbox 2075 794 2217 849; x_wconf 91' lang='lat' dir='ltr'><strong>Num</strong></span> 
     </span>
     <span class='ocr_line' id='line_1_9' title="bbox 362 878 2222 954; baseline 0.002 -21"><span class='ocrx_word' id='word_1_56' title='bbox 362 897 485 933; x_wconf 89' lang='lat' dir='ltr'><strong>vero</strong></span> <span class='ocrx_word' id='word_1_57' title='bbox 526 896 617 950; x_wconf 87' lang='lat' dir='ltr'><strong>par</strong></span> <span class='ocrx_word' id='word_1_58' title='bbox 654 896 803 932; x_wconf 89' lang='lat' dir='ltr'><strong>error</strong></span> <span class='ocrx_word' id='word_1_59' title='bbox 849 887 1028 932; x_wconf 85' lang='lat' dir='ltr'><strong>eontra</strong></span> <span class='ocrx_word' id='word_1_60' title='bbox 1072 878 1218 932; x_wconf 89' lang='lat' dir='ltr'><strong>fidem</strong></span> <span class='ocrx_word' id='word_1_61' title='bbox 1257 879 1352 945; x_wconf 83' lang='lat' dir='ltr'><strong>dici</strong></span> <span class='ocrx_word' id='word_1_62' title='bbox 1400 889 1576 951; x_wconf 91' lang='lat' dir='ltr'><strong>posset</strong></span> <span class='ocrx_word' id='word_1_63' title='bbox 1624 898 1816 952; x_wconf 86' lang='lat' dir='ltr'><strong>negare</strong></span> <span class='ocrx_word' id='word_1_64' title='bbox 1851 881 2118 954; x_wconf 90' lang='lat' dir='ltr'><strong>primatum</strong></span> <span class='ocrx_word' id='word_1_65' title='bbox 2172 893 2222 937; x_wconf 88' lang='lat' dir='ltr'><strong>et</strong></span> 
     </span>
     <span class='ocr_line' id='line_1_10' title="bbox 355 964 2218 1039; baseline 0.004 -22"><span class='ocrx_word' id='word_1_66' title='bbox 355 965 756 1037; x_wconf 84' lang='lat' dir='ltr'><strong>jurisdictionem</strong></span> <span class='ocrx_word' id='word_1_67' title='bbox 803 964 1069 1020; x_wconf 87' lang='lat' dir='ltr'><strong>Pontificis</strong></span> <span class='ocrx_word' id='word_1_68' title='bbox 1126 984 1278 1039; x_wconf 83' lang='lat' dir='ltr'><strong>super</strong></span> <span class='ocrx_word' id='word_1_69' title='bbox 1331 966 1671 1022; x_wconf 79' lang='lat' dir='ltr'><strong>universalem</strong></span> <span class='ocrx_word' id='word_1_70' title='bbox 1731 969 1990 1024; x_wconf 82' lang='lat' dir='ltr'><strong>collective</strong></span> <span class='ocrx_word' id='word_1_71' title='bbox 2032 968 2218 1025; x_wconf 63' lang='lat' dir='ltr'><strong>‘Eccle-</strong></span> 
     </span>
     <span class='ocr_line' id='line_1_11' title="bbox 363 1054 2219 1127; baseline 0.002 -20"><span class='ocrx_word' id='word_1_72' title='bbox 363 1054 507 1120; x_wconf 89' lang='lat' dir='ltr'><strong>siam,</strong></span> <span class='ocrx_word' id='word_1_73' title='bbox 547 1054 606 1107; x_wconf 92' lang='lat' dir='ltr'><strong>de</strong></span> <span class='ocrx_word' id='word_1_74' title='bbox 645 1073 743 1125; x_wconf 89' lang='lat' dir='ltr'><strong>qua</strong></span> <span class='ocrx_word' id='word_1_75' title='bbox 780 1073 838 1107; x_wconf 91' lang='lat' dir='ltr'><strong>re</strong></span> <span class='ocrx_word' id='word_1_76' title='bbox 874 1063 995 1107; x_wconf 91' lang='lat' dir='ltr'><strong>tunc</strong></span> <span class='ocrx_word' id='word_1_77' title='bbox 1032 1064 1179 1108; x_wconf 88' lang='lat' dir='ltr'><strong>tanta</strong></span> <span class='ocrx_word' id='word_1_78' title='bbox 1215 1064 1328 1108; x_wconf 86' lang='lat' dir='ltr'><strong>erat</strong></span> <span class='ocrx_word' id='word_1_79' title='bbox 1366 1055 1734 1121; x_wconf 87' lang='lat' dir='ltr'><strong>controversia,</strong></span> <span class='ocrx_word' id='word_1_80' title='bbox 1773 1056 1885 1127; x_wconf 89' lang='lat' dir='ltr'><strong>quis</strong></span> <span class='ocrx_word' id='word_1_81' title='bbox 1921 1075 2025 1110; x_wconf 92' lang='lat' dir='ltr'><strong>non</strong></span> <span class='ocrx_word' id='word_1_82' title='bbox 2048 1056 2219 1111; x_wconf 84' lang='lat' dir='ltr'><strong>videat</strong></span> 
     </span>
     <span class='ocr_line' id='line_1_12' title="bbox 362 1126 2219 1218; baseline 0.002 -24"><span class='ocrx_word' id='word_1_83' title='bbox 362 1160 463 1196; x_wconf 90' lang='lat' dir='ltr'><strong>non</strong></span> <span class='ocrx_word' id='word_1_84' title='bbox 502 1126 658 1195; x_wconf 63' lang='lat' dir='ltr'><strong>fuisse</strong></span> <span class='ocrx_word' id='word_1_85' title='bbox 694 1142 887 1218; x_wconf 80' lang='lat' dir='ltr'><strong>pariter</strong></span> <span class='ocrx_word' id='word_1_86' title='bbox 924 1141 1245 1196; x_wconf 91' lang='lat' dir='ltr'><strong>decidendum</strong></span> <span class='ocrx_word' id='word_1_87' title='bbox 1294 1142 1356 1195; x_wconf 90' lang='lat' dir='ltr'><strong>ab</strong></span> <span class='ocrx_word' id='word_1_88' title='bbox 1405 1141 1583 1196; x_wconf 92' lang='lat' dir='ltr'><strong>iisdem</strong></span> <span class='ocrx_word' id='word_1_89' title='bbox 1621 1141 1863 1198; x_wconf 87' lang='lat' dir='ltr'><strong>Patribus</strong></span> <span class='ocrx_word' id='word_1_90' title='bbox 1899 1143 1954 1197; x_wconf 92' lang='lat' dir='ltr'><strong>in</strong></span> <span class='ocrx_word' id='word_1_91' title='bbox 1999 1163 2063 1203; x_wconf 90' lang='lat' dir='ltr'><strong>eo</strong></span> <span class='ocrx_word' id='word_1_92' title='bbox 2100 1163 2219 1199; x_wconf 90' lang='lat' dir='ltr'><strong>con-</strong></span> 
     </span>
     <span class='ocr_line' id='line_1_13' title="bbox 363 1227 2219 1304; baseline 0.001 -21"><span class='ocrx_word' id='word_1_93' title='bbox 363 1229 507 1295; x_wconf 80' lang='lat' dir='ltr'><strong>cilio,</strong></span> <span class='ocrx_word' id='word_1_94' title='bbox 545 1228 601 1281; x_wconf 93' lang='lat' dir='ltr'><strong>in</strong></span> <span class='ocrx_word' id='word_1_95' title='bbox 639 1247 735 1300; x_wconf 82' lang='lat' dir='ltr'><strong>quo</strong></span> <span class='ocrx_word' id='word_1_96' title='bbox 768 1231 855 1302; x_wconf 88' lang='lat' dir='ltr'><strong>jus</strong></span> <span class='ocrx_word' id='word_1_97' title='bbox 894 1248 1047 1302; x_wconf 89' lang='lat' dir='ltr'><strong>supra</strong></span> <span class='ocrx_word' id='word_1_98' title='bbox 1083 1229 1245 1302; x_wconf 88' lang='lat' dir='ltr'><strong>ipsum</strong></span> <span class='ocrx_word' id='word_1_99' title='bbox 1283 1227 1586 1284; x_wconf 90' lang='lat' dir='ltr'><strong>Pontificem</strong></span> <span class='ocrx_word' id='word_1_100' title='bbox 1625 1231 1856 1302; x_wconf 86' lang='lat' dir='ltr'><strong>generali</strong></span> <span class='ocrx_word' id='word_1_101' title='bbox 1892 1233 2087 1304; x_wconf 80' lang='lat' dir='ltr'><strong>synodo</strong></span> <span class='ocrx_word' id='word_1_102' title='bbox 2125 1233 2219 1286; x_wconf 90' lang='lat' dir='ltr'><strong>tri-</strong></span> 
     </span>
     <span class='ocr_line' id='line_1_14' title="bbox 360 1316 2220 1390; baseline 0.001 -20"><span class='ocrx_word' id='word_1_103' title='bbox 360 1318 517 1371; x_wconf 87' lang='lat' dir='ltr'><strong>buere</strong></span> <span class='ocrx_word' id='word_1_104' title='bbox 554 1335 625 1370; x_wconf 86' lang='lat' dir='ltr'><strong>ex</strong></span> <span class='ocrx_word' id='word_1_105' title='bbox 664 1316 1056 1372; x_wconf 78' lang='lat' dir='ltr'><strong>circumstantiis</strong></span> <span class='ocrx_word' id='word_1_106' title='bbox 1107 1320 1227 1390; x_wconf 69' lang='lat' dir='ltr'><strong>eius</strong></span> <span class='ocrx_word' id='word_1_107' title='bbox 1259 1317 1502 1390; x_wconf 88' lang='lat' dir='ltr'><strong>temporis</strong></span> <span class='ocrx_word' id='word_1_108' title='bbox 1541 1319 1883 1373; x_wconf 88' lang='lat' dir='ltr'><strong>necessarium</strong></span> <span class='ocrx_word' id='word_1_109' title='bbox 1919 1321 2220 1375; x_wconf 82' lang='lat' dir='ltr'><strong>videbatur?</strong></span> 
     </span>
     <span class='ocr_line' id='line_1_15' title="bbox 362 1402 2217 1479; baseline 0.002 -21"><span class='ocrx_word' id='word_1_110' title='bbox 362 1402 491 1458; x_wconf 89' lang='lat' dir='ltr'><strong>Cum</strong></span> <span class='ocrx_word' id='word_1_111' title='bbox 539 1404 710 1475; x_wconf 87' lang='lat' dir='ltr'><strong>itaque</strong></span> <span class='ocrx_word' id='word_1_112' title='bbox 747 1403 1016 1465; x_wconf 84' lang='lat' dir='ltr'><strong>Martinus</strong></span> <span class='ocrx_word' id='word_1_113' title='bbox 1054 1404 1125 1460; x_wconf 92' lang='lat' dir='ltr'><strong>V-.</strong></span> <span class='ocrx_word' id='word_1_114' title='bbox 1185 1405 1276 1458; x_wconf 91' lang='lat' dir='ltr'><strong>sub</strong></span> <span class='ocrx_word' id='word_1_115' title='bbox 1318 1403 1483 1459; x_wconf 55' lang='lat' dir='ltr'><strong>”finem</strong></span> <span class='ocrx_word' id='word_1_116' title='bbox 1522 1406 1706 1479; x_wconf 80' lang='lat' dir='ltr'><strong>synodi</strong></span> <span class='ocrx_word' id='word_1_117' title='bbox 1762 1425 1824 1460; x_wconf 90' lang='lat' dir='ltr'><strong>ea</strong></span> <span class='ocrx_word' id='word_1_118' title='bbox 1879 1407 2037 1462; x_wconf 84' lang='lat' dir='ltr'><strong>verba</strong></span> <span class='ocrx_word' id='word_1_119' title='bbox 2093 1427 2217 1462; x_wconf 92' lang='lat' dir='ltr'><strong>suae</strong></span> 
     </span>
     <span class='ocr_line' id='line_1_16' title="bbox 362 1491 2220 1567; baseline 0.002 -22"><span class='ocrx_word' id='word_1_120' title='bbox 362 1491 714 1546; x_wconf 89' lang='lat' dir='ltr'><strong>constitutioni</strong></span> <span class='ocrx_word' id='word_1_121' title='bbox 768 1491 964 1554; x_wconf 87' lang='lat' dir='ltr'><strong>inserta</strong></span> <span class='ocrx_word' id='word_1_122' title='bbox 1019 1491 1212 1566; x_wconf 86' lang='lat' dir='ltr'><strong>recepit</strong></span> <span class='ocrx_word' id='word_1_123' title='bbox 1266 1492 1710 1565; x_wconf 87' lang='lat' dir='ltr'><strong>confirmavitque,</strong></span> <span class='ocrx_word' id='word_1_124' title='bbox 1759 1494 1881 1552; x_wconf 88' lang='lat' dir='ltr'><strong>illud</strong></span> <span class='ocrx_word' id='word_1_125' title='bbox 1929 1495 2122 1567; x_wconf 89' lang='lat' dir='ltr'><strong>recepit</strong></span> <span class='ocrx_word' id='word_1_126' title='bbox 2169 1505 2220 1549; x_wconf 91' lang='lat' dir='ltr'><strong>et</strong></span> 
     </span>
     <span class='ocr_line' id='line_1_17' title="bbox 361 1571 2221 1651; baseline 0.001 -17"><span class='ocrx_word' id='word_1_127' title='bbox 361 1580 693 1650; x_wconf 85' lang='lat' dir='ltr'><strong>confirmavit,</strong></span> <span class='ocrx_word' id='word_1_128' title='bbox 732 1571 866 1651; x_wconf 85' lang='lat' dir='ltr'><strong>quod</strong></span> <span class='ocrx_word' id='word_1_129' title='bbox 902 1588 1095 1633; x_wconf 88' lang='lat' dir='ltr'><strong>certum</strong></span> <span class='ocrx_word' id='word_1_130' title='bbox 1133 1590 1186 1635; x_wconf 92' lang='lat' dir='ltr'><strong>et</strong></span> <span class='ocrx_word' id='word_1_131' title='bbox 1222 1599 1399 1635; x_wconf 90' lang='lat' dir='ltr'><strong>verum</strong></span> <span class='ocrx_word' id='word_1_132' title='bbox 1424 1590 1536 1634; x_wconf 88' lang='lat' dir='ltr'><strong>erat</strong></span> <span class='ocrx_word' id='word_1_133' title='bbox 1572 1599 1644 1634; x_wconf 82' lang='lat' dir='ltr'><strong>ex</strong></span> <span class='ocrx_word' id='word_1_134' title='bbox 1682 1581 1931 1636; x_wconf 85' lang='lat' dir='ltr'><strong>catholica</strong></span> <span class='ocrx_word' id='word_1_135' title='bbox 1967 1582 2091 1648; x_wconf 70' lang='lat' dir='ltr'><strong>fide,</strong></span> <span class='ocrx_word' id='word_1_136' title='bbox 2131 1599 2221 1636; x_wconf 88' lang='lat' dir='ltr'><strong>ne-</strong></span> 
     </span>
     <span class='ocr_line' id='line_1_18' title="bbox 324 1666 2220 1741; baseline -0.001 -20"><span class='ocrx_word' id='word_1_137' title='bbox 324 1716 327 1721; x_wconf 82' lang='grc'>.</span> <span class='ocrx_word' id='word_1_138' title='bbox 361 1687 457 1739; x_wconf 87' lang='lat' dir='ltr'><strong>que</strong></span> <span class='ocrx_word' id='word_1_139' title='bbox 494 1668 588 1721; x_wconf 88' lang='lat' dir='ltr'><strong>hoe</strong></span> <span class='ocrx_word' id='word_1_140' title='bbox 622 1669 907 1740; x_wconf 69' lang='lat' dir='ltr'><strong>vapprobare</strong></span> <span class='ocrx_word' id='word_1_141' title='bbox 944 1667 1075 1721; x_wconf 89' lang='lat' dir='ltr'><strong>idem</strong></span> <span class='ocrx_word' id='word_1_142' title='bbox 1114 1675 1233 1735; x_wconf 86' lang='lat' dir='ltr'><strong>est,</strong></span> <span class='ocrx_word' id='word_1_143' title='bbox 1272 1685 1332 1721; x_wconf 92' lang='lat' dir='ltr'><strong>ac</strong></span> <span class='ocrx_word' id='word_1_144' title='bbox 1368 1685 1561 1739; x_wconf 87' lang='lat' dir='ltr'><strong>negare</strong></span> <span class='ocrx_word' id='word_1_145' title='bbox 1606 1677 1914 1741; x_wconf 88' lang='lat' dir='ltr'><strong>potestatem</strong></span> <span class='ocrx_word' id='word_1_146' title='bbox 1953 1666 2220 1722; x_wconf 85' lang='lat' dir='ltr'><strong>Pontificis</strong></span> 
     </span>
     <span class='ocr_line' id='line_1_19' title="bbox 359 1753 2219 1828; baseline 0.001 -20"><span class='ocrx_word' id='word_1_147' title='bbox 359 1756 410 1809; x_wconf 91' lang='lat' dir='ltr'><strong>in</strong></span> <span class='ocrx_word' id='word_1_148' title='bbox 458 1755 753 1811; x_wconf 87' lang='lat' dir='ltr'><strong>universam</strong></span> <span class='ocrx_word' id='word_1_149' title='bbox 790 1753 1105 1823; x_wconf 82' lang='lat' dir='ltr'><strong>Ecclesiam,</strong></span> <span class='ocrx_word' id='word_1_150' title='bbox 1161 1755 1265 1820; x_wconf 36' lang='lat' dir='ltr'><strong>sed,</strong></span> <span class='ocrx_word' id='word_1_151' title='bbox 1305 1765 1384 1809; x_wconf 91' lang='lat' dir='ltr'><strong>est</strong></span> <span class='ocrx_word' id='word_1_152' title='bbox 1438 1765 1633 1809; x_wconf 87' lang='lat' dir='ltr'><strong>tantum</strong></span> <span class='ocrx_word' id='word_1_153' title='bbox 1693 1756 1751 1809; x_wconf 88' lang='lat' dir='ltr'><strong>id-</strong></span> <span class='ocrx_word' id='word_1_154' title='bbox 1790 1756 2219 1828; x_wconf 79' lang='lat' dir='ltr'><strong>praetermittere,</strong></span> 
     </span>
     <span class='ocr_line' id='line_1_20' title="bbox 359 1842 2221 1916; baseline 0 -19"><span class='ocrx_word' id='word_1_155' title='bbox 359 1845 490 1915; x_wconf 86' lang='lat' dir='ltr'><strong>quod</strong></span> <span class='ocrx_word' id='word_1_156' title='bbox 526 1854 633 1897; x_wconf 90' lang='lat' dir='ltr'><strong>tum</strong></span> <span class='ocrx_word' id='word_1_157' title='bbox 669 1844 722 1896; x_wconf 92' lang='lat' dir='ltr'><strong>in</strong></span> <span class='ocrx_word' id='word_1_158' title='bbox 761 1861 995 1916; x_wconf 86' lang='lat' dir='ltr'><strong>magnam</strong></span> <span class='ocrx_word' id='word_1_159' title='bbox 1034 1842 1436 1898; x_wconf 88' lang='lat' dir='ltr'><strong>controversiam</strong></span> <span class='ocrx_word' id='word_1_160' title='bbox 1474 1844 1735 1897; x_wconf 85' lang='lat' dir='ltr'><strong>adductum</strong></span> <span class='ocrx_word' id='word_1_161' title='bbox 1762 1844 1890 1916; x_wconf 88' lang='lat' dir='ltr'><strong>apud</strong></span> <span class='ocrx_word' id='word_1_162' title='bbox 1926 1843 2221 1910; x_wconf 84' lang='lat' dir='ltr'><strong>catholicoS,</strong></span> 
     </span>
     <span class='ocr_line' id='line_1_21' title="bbox 359 1931 2220 2002; baseline 0.001 -19"><span class='ocrx_word' id='word_1_163' title='bbox 359 1933 431 1984; x_wconf 87' lang='lat' dir='ltr'><strong>ita</strong></span> <span class='ocrx_word' id='word_1_164' title='bbox 469 1942 659 1985; x_wconf 86' lang='lat' dir='ltr'><strong>certum</strong></span> <span class='ocrx_word' id='word_1_165' title='bbox 699 1933 759 1985; x_wconf 93' lang='lat' dir='ltr'><strong>de</strong></span> <span class='ocrx_word' id='word_1_166' title='bbox 795 1932 889 1984; x_wconf 87' lang='lat' dir='ltr'><strong>fide</strong></span> <span class='ocrx_word' id='word_1_167' title='bbox 929 1931 1169 1984; x_wconf 84' lang='lat' dir='ltr'><strong>affirmari</strong></span> <span class='ocrx_word' id='word_1_168' title='bbox 1197 1949 1300 1983; x_wconf 92' lang='lat' dir='ltr'><strong>non</strong></span> <span class='ocrx_word' id='word_1_169' title='bbox 1337 1940 1557 2002; x_wconf 84' lang='lat' dir='ltr'><strong>poterat,</strong></span> <span class='ocrx_word' id='word_1_170' title='bbox 1597 1931 1671 1982; x_wconf 91' lang='lat' dir='ltr'><strong>uti</strong></span> <span class='ocrx_word' id='word_1_171' title='bbox 1697 1940 1888 1984; x_wconf 76' lang='lat' dir='ltr'><strong>cer-tum</strong></span> <span class='ocrx_word' id='word_1_172' title='bbox 1912 1941 2025 1984; x_wconf 87' lang='lat' dir='ltr'><strong>erat</strong></span> <span class='ocrx_word' id='word_1_173' title='bbox 2061 1950 2131 1985; x_wconf 82' lang='lat' dir='ltr'><strong>ex</strong></span> <span class='ocrx_word' id='word_1_174' title='bbox 2159 1950 2220 1984; x_wconf 87' lang='lat' dir='ltr'><strong>ea</strong></span> 
     </span>
     <span class='ocr_line' id='line_1_22' title="bbox 359 2016 2220 2091; baseline -0.001 -19"><span class='ocrx_word' id='word_1_175' title='bbox 359 2029 528 2091; x_wconf 87' lang='lat' dir='ltr'><strong>parte,</strong></span> <span class='ocrx_word' id='word_1_176' title='bbox 578 2038 705 2089; x_wconf 91' lang='lat' dir='ltr'><strong>quae</strong></span> <span class='ocrx_word' id='word_1_177' title='bbox 742 2018 1077 2091; x_wconf 87' lang='lat' dir='ltr'><strong>particulares</strong></span> <span class='ocrx_word' id='word_1_178' title='bbox 1116 2016 1360 2071; x_wconf 90' lang='lat' dir='ltr'><strong>ecclesias</strong></span> <span class='ocrx_word' id='word_1_179' title='bbox 1397 2017 1623 2090; x_wconf 85' lang='lat' dir='ltr'><strong>respicit.</strong></span> <span class='ocrx_word' id='word_1_180' title='bbox 1680 2017 1833 2090; x_wconf 66' lang='lat' dir='ltr'><strong>⁴Hinc</strong></span> <span class='ocrx_word' id='word_1_181' title='bbox 1885 2037 2006 2089; x_wconf 84' lang='lat' dir='ltr'><strong>ergo</strong></span> <span class='ocrx_word' id='word_1_182' title='bbox 2046 2018 2220 2072; x_wconf 89' lang='lat' dir='ltr'><strong>deduci</strong></span> 
     </span>
     <span class='ocr_line' id='line_1_23' title="bbox 358 2103 2218 2179; baseline -0.001 -21"><span class='ocrx_word' id='word_1_183' title='bbox 358 2106 705 2160; x_wconf 88' lang='lat' dir='ltr'><strong>tantummodo</strong></span> <span class='ocrx_word' id='word_1_184' title='bbox 744 2115 930 2179; x_wconf 89' lang='lat' dir='ltr'><strong>potest,</strong></span> <span class='ocrx_word' id='word_1_185' title='bbox 970 2105 1238 2179; x_wconf 90' lang='lat' dir='ltr'><strong>primatum</strong></span> <span class='ocrx_word' id='word_1_186' title='bbox 1276 2114 1327 2158; x_wconf 91' lang='lat' dir='ltr'><strong>et</strong></span> <span class='ocrx_word' id='word_1_187' title='bbox 1362 2115 1666 2177; x_wconf 84' lang='lat' dir='ltr'><strong>potestatem</strong></span> <span class='ocrx_word' id='word_1_188' title='bbox 1704 2103 1881 2178; x_wconf 90' lang='lat' dir='ltr'><strong>Papae</strong></span> <span class='ocrx_word' id='word_1_189' title='bbox 1919 2123 2072 2179; x_wconf 87' lang='lat' dir='ltr'><strong>supra</strong></span> <span class='ocrx_word' id='word_1_190' title='bbox 2106 2105 2218 2158; x_wconf 89' lang='lat' dir='ltr'><strong>uni-</strong></span> 
     </span>
     <span class='ocr_line' id='line_1_24' title="bbox 358 2191 2219 2265; baseline -0.001 -17"><span class='ocrx_word' id='word_1_191' title='bbox 358 2194 608 2249; x_wconf 89' lang='lat' dir='ltr'><strong>versalem</strong></span> <span class='ocrx_word' id='word_1_192' title='bbox 648 2192 909 2248; x_wconf 88' lang='lat' dir='ltr'><strong>collective</strong></span> <span class='ocrx_word' id='word_1_193' title='bbox 945 2191 1258 2258; x_wconf 87' lang='lat' dir='ltr'><strong>Ecclesiam,</strong></span> <span class='ocrx_word' id='word_1_194' title='bbox 1307 2202 1359 2246; x_wconf 93' lang='lat' dir='ltr'><strong>et</strong></span> <span class='ocrx_word' id='word_1_195' title='bbox 1395 2210 1467 2246; x_wconf 82' lang='lat' dir='ltr'><strong>ex</strong></span> <span class='ocrx_word' id='word_1_196' title='bbox 1504 2192 1835 2263; x_wconf 87' lang='lat' dir='ltr'><strong>consequenti</strong></span> <span class='ocrx_word' id='word_1_197' title='bbox 1873 2212 2027 2265; x_wconf 83' lang='lat' dir='ltr'><strong>supra</strong></span> <span class='ocrx_word' id='word_1_198' title='bbox 2064 2212 2219 2265; x_wconf 84' lang='lat' dir='ltr'><strong>gene-</strong></span> 
     </span>
     <span class='ocr_line' id='line_1_25' title="bbox 361 2280 2216 2353; baseline -0.001 -19"><span class='ocrx_word' id='word_1_199' title='bbox 361 2282 498 2335; x_wconf 87' lang='lat' dir='ltr'><strong>rales</strong></span> <span class='ocrx_word' id='word_1_200' title='bbox 537 2282 760 2353; x_wconf 84' lang='lat' dir='ltr'><strong>synodos</strong></span> <span class='ocrx_word' id='word_1_201' title='bbox 799 2300 910 2341; x_wconf 87' lang='lat' dir='ltr'><strong>eam</strong></span> <span class='ocrx_word' id='word_1_202' title='bbox 950 2289 1400 2353; x_wconf 88' lang='lat' dir='ltr'><strong>repraesentantes</strong></span> <span class='ocrx_word' id='word_1_203' title='bbox 1449 2289 1569 2334; x_wconf 90' lang='lat' dir='ltr'><strong>tunc</strong></span> <span class='ocrx_word' id='word_1_204' title='bbox 1607 2292 1709 2334; x_wconf 91' lang='lat' dir='ltr'><strong>non</strong></span> <span class='ocrx_word' id='word_1_205' title='bbox 1749 2281 1906 2340; x_wconf 87' lang='lat' dir='ltr'><strong>fuisse</strong></span> <span class='ocrx_word' id='word_1_206' title='bbox 1944 2280 2216 2335; x_wconf 86' lang='lat' dir='ltr'><strong>definitum.</strong></span> 
     </span>
     <span class='ocr_line' id='line_1_26' title="bbox 359 2366 2219 2440; baseline -0.002 -17"><span class='ocrx_word' id='word_1_207' title='bbox 359 2369 497 2423; x_wconf 90' lang='lat' dir='ltr'><strong>Num</strong></span> <span class='ocrx_word' id='word_1_208' title='bbox 533 2388 677 2435; x_wconf 84' lang='lat' dir='ltr'><strong>vero,</strong></span> <span class='ocrx_word' id='word_1_209' title='bbox 716 2369 846 2440; x_wconf 90' lang='lat' dir='ltr'><strong>quod</strong></span> <span class='ocrx_word' id='word_1_210' title='bbox 883 2379 1003 2424; x_wconf 90' lang='lat' dir='ltr'><strong>tunc</strong></span> <span class='ocrx_word' id='word_1_211' title='bbox 1041 2366 1297 2423; x_wconf 89' lang='lat' dir='ltr'><strong>definitum</strong></span> <span class='ocrx_word' id='word_1_212' title='bbox 1335 2386 1437 2421; x_wconf 89' lang='lat' dir='ltr'><strong>non</strong></span> <span class='ocrx_word' id='word_1_213' title='bbox 1476 2367 1596 2434; x_wconf 86' lang='lat' dir='ltr'><strong>fuit,</strong></span> <span class='ocrx_word' id='word_1_214' title='bbox 1637 2386 1706 2421; x_wconf 83' lang='lat' dir='ltr'><strong>ex</strong></span> <span class='ocrx_word' id='word_1_215' title='bbox 1744 2367 2049 2422; x_wconf 89' lang='lat' dir='ltr'><strong>testimoniis</strong></span> <span class='ocrx_word' id='word_1_216' title='bbox 2087 2367 2219 2429; x_wconf 82' lang='lat' dir='ltr'><strong>anti-</strong></span> 
     </span>
     <span class='ocr_line' id='line_1_27' title="bbox 360 2455 2219 2528; baseline -0.003 -17"><span class='ocrx_word' id='word_1_217' title='bbox 360 2476 571 2528; x_wconf 90' lang='lat' dir='ltr'><strong>quorum</strong></span> <span class='ocrx_word' id='word_1_218' title='bbox 595 2456 810 2511; x_wconf 88' lang='lat' dir='ltr'><strong>Patrum</strong></span> <span class='ocrx_word' id='word_1_219' title='bbox 848 2458 1058 2528; x_wconf 89' lang='lat' dir='ltr'><strong>aliisque</strong></span> <span class='ocrx_word' id='word_1_220' title='bbox 1096 2455 1365 2519; x_wconf 85' lang='lat' dir='ltr'><strong>momentis</strong></span> <span class='ocrx_word' id='word_1_221' title='bbox 1402 2456 1645 2510; x_wconf 88' lang='lat' dir='ltr'><strong>haetenus</strong></span> <span class='ocrx_word' id='word_1_222' title='bbox 1673 2456 1840 2509; x_wconf 87' lang='lat' dir='ltr'><strong>allatis</strong></span> <span class='ocrx_word' id='word_1_223' title='bbox 1879 2465 1931 2508; x_wconf 90' lang='lat' dir='ltr'><strong>et</strong></span> <span class='ocrx_word' id='word_1_224' title='bbox 1967 2472 2092 2507; x_wconf 85' lang='lat' dir='ltr'><strong>mox</strong></span> <span class='ocrx_word' id='word_1_225' title='bbox 2131 2455 2219 2507; x_wconf 89' lang='lat' dir='ltr'><strong>ad-</strong></span> 
     </span>
     <span class='ocr_line' id='line_1_28' title="bbox 352 2542 2222 2617; baseline -0.002 -19"><span class='ocrx_word' id='word_1_226' title='bbox 352 2545 588 2617; x_wconf 88' lang='lat' dir='ltr'><strong>jiciendis</strong></span> <span class='ocrx_word' id='word_1_227' title='bbox 628 2545 756 2599; x_wconf 88' lang='lat' dir='ltr'><strong>satis</strong></span> <span class='ocrx_word' id='word_1_228' title='bbox 794 2546 1063 2600; x_wconf 88' lang='lat' dir='ltr'><strong>manifeste</strong></span> <span class='ocrx_word' id='word_1_229' title='bbox 1101 2543 1401 2613; x_wconf 87' lang='lat' dir='ltr'><strong>colligatur,</strong></span> <span class='ocrx_word' id='word_1_230' title='bbox 1454 2542 1619 2612; x_wconf 89' lang='lat' dir='ltr'><strong>quivis</strong></span> <span class='ocrx_word' id='word_1_231' title='bbox 1659 2542 1788 2595; x_wconf 92' lang='lat' dir='ltr'><strong>haud</strong></span> <span class='ocrx_word' id='word_1_232' title='bbox 1825 2551 2222 2615; x_wconf 84' lang='lat' dir='ltr'><strong>praeoccupatus</strong></span> 
     </span>
     <span class='ocr_line' id='line_1_29' title="bbox 361 2627 1620 2702; baseline -0.003 -16"><span class='ocrx_word' id='word_1_233' title='bbox 361 2632 766 2688; x_wconf 85' lang='lat' dir='ltr'><strong>adversariorum</strong></span> <span class='ocrx_word' id='word_1_234' title='bbox 802 2627 1118 2702; x_wconf 89' lang='lat' dir='ltr'><strong>praejudiciis</strong></span> <span class='ocrx_word' id='word_1_235' title='bbox 1156 2629 1303 2683; x_wconf 90' lang='lat' dir='ltr'><strong>facile</strong></span> <span class='ocrx_word' id='word_1_236' title='bbox 1340 2628 1620 2701; x_wconf 82' lang='lat' dir='ltr'><strong>dignoscet.</strong></span> 
     </span>
    </p>

    <p class='ocr_par' dir='ltr' id='par_1_3' title="bbox 353 2714 2219 3489">
     <span class='ocr_line' id='line_1_30' title="bbox 510 2714 2216 2790; baseline -0.004 -16"><span class='ocrx_word' id='word_1_237' title='bbox 510 2721 594 2775; x_wconf 89' lang='lat'><strong>10.</strong></span> <span class='ocrx_word' id='word_1_238' title='bbox 676 2718 833 2772; x_wconf 85' lang='lat' dir='ltr'><strong>Ratio</strong></span> <span class='ocrx_word' id='word_1_239' title='bbox 884 2716 1079 2788; x_wconf 89' lang='lat' dir='ltr'><strong>quidem</strong></span> <span class='ocrx_word' id='word_1_240' title='bbox 1128 2714 1386 2770; x_wconf 84' lang='lat' dir='ltr'><strong>Pontifieii</strong></span> <span class='ocrx_word' id='word_1_241' title='bbox 1443 2717 1696 2790; x_wconf 87' lang='lat' dir='ltr'><strong>primatus</strong></span> <span class='ocrx_word' id='word_1_242' title='bbox 1758 2716 1968 2789; x_wconf 91' lang='lat' dir='ltr'><strong>idipsum</strong></span> <span class='ocrx_word' id='word_1_243' title='bbox 2033 2716 2216 2788; x_wconf 83' lang='lat' dir='ltr'><strong>exigit.</strong></span> 
     </span>
     <span class='ocr_line' id='line_1_31' title="bbox 362 2802 2219 2879; baseline -0.003 -18"><span class='ocrx_word' id='word_1_244' title='bbox 362 2805 490 2862; x_wconf 89' lang='lat' dir='ltr'><strong>Cum</strong></span> <span class='ocrx_word' id='word_1_245' title='bbox 528 2806 661 2861; x_wconf 88' lang='lat' dir='ltr'><strong>enim</strong></span> <span class='ocrx_word' id='word_1_246' title='bbox 699 2807 944 2879; x_wconf 86' lang='lat' dir='ltr'><strong>primatus</strong></span> <span class='ocrx_word' id='word_1_247' title='bbox 968 2822 1070 2857; x_wconf 92' lang='lat' dir='ltr'><strong>non</strong></span> <span class='ocrx_word' id='word_1_248' title='bbox 1108 2805 1236 2858; x_wconf 85' lang='lat' dir='ltr'><strong>meri</strong></span> <span class='ocrx_word' id='word_1_249' title='bbox 1273 2804 1482 2858; x_wconf 91' lang='lat' dir='ltr'><strong>honoris</strong></span> <span class='ocrx_word' id='word_1_250' title='bbox 1508 2815 1560 2859; x_wconf 94' lang='lat' dir='ltr'><strong>et</strong></span> <span class='ocrx_word' id='word_1_251' title='bbox 1586 2805 1796 2871; x_wconf 86' lang='lat' dir='ltr'><strong>ordiniS,</strong></span> <span class='ocrx_word' id='word_1_252' title='bbox 1834 2804 1922 2857; x_wconf 91' lang='lat' dir='ltr'><strong>sed</strong></span> <span class='ocrx_word' id='word_1_253' title='bbox 1948 2802 2219 2876; x_wconf 89' lang='lat' dir='ltr'><strong>peculiaris</strong></span> 
     </span>
     <span class='ocr_line' id='line_1_32' title="bbox 353 2879 2217 2967; baseline -0.002 -19"><span class='ocrx_word' id='word_1_254' title='bbox 353 2879 724 2967; x_wconf 86' lang='lat' dir='ltr'><strong>jurisdictionis</strong></span> <span class='ocrx_word' id='word_1_255' title='bbox 762 2892 1026 2946; x_wconf 89' lang='lat' dir='ltr'><strong>institutus</strong></span> <span class='ocrx_word' id='word_1_256' title='bbox 1065 2891 1217 2945; x_wconf 87' lang='lat' dir='ltr'><strong>fuerit</strong></span> <span class='ocrx_word' id='word_1_257' title='bbox 1255 2910 1286 2945; x_wconf 87' lang='lat' dir='ltr'><strong>a</strong></span> <span class='ocrx_word' id='word_1_258' title='bbox 1312 2889 1522 2946; x_wconf 87' lang='lat' dir='ltr'><strong>Christo</strong></span> <span class='ocrx_word' id='word_1_259' title='bbox 1561 2893 1616 2946; x_wconf 91' lang='lat' dir='ltr'><strong>in</strong></span> <span class='ocrx_word' id='word_1_260' title='bbox 1654 2894 1840 2947; x_wconf 89' lang='lat' dir='ltr'><strong>bonum</strong></span> <span class='ocrx_word' id='word_1_261' title='bbox 1876 2890 2088 2943; x_wconf 88' lang='lat' dir='ltr'><strong>unitatis</strong></span> <span class='ocrx_word' id='word_1_262' title='bbox 2114 2888 2217 2944; x_wconf 85' lang='lat' dir='ltr'><strong>Ec-</strong></span> 
     </span>
     <span class='ocr_line' id='line_1_33' title="bbox 362 2977 2216 3055; baseline -0.004 -20"><span class='ocrx_word' id='word_1_263' title='bbox 362 2982 547 3036; x_wconf 88' lang='lat' dir='ltr'><strong>clesiae</strong></span> <span class='ocrx_word' id='word_1_264' title='bbox 587 2980 737 3055; x_wconf 81' lang='lat' dir='ltr'><strong>(Vid.</strong></span> <span class='ocrx_word' id='word_1_265' title='bbox 777 2979 858 3035; x_wconf 93' lang='lat' dir='ltr'><strong>De</strong></span> <span class='ocrx_word' id='word_1_266' title='bbox 897 2979 948 3035; x_wconf 93' lang='lat' dir='ltr'><strong>vi</strong></span> <span class='ocrx_word' id='word_1_267' title='bbox 985 2979 1186 3052; x_wconf 88' lang='lat' dir='ltr'><strong>primat.</strong></span> <span class='ocrx_word' id='word_1_268' title='bbox 1223 2998 1268 3033; x_wconf 92' lang='lat' dir='ltr'><strong>c.</strong></span> <span class='ocrx_word' id='word_1_269' title='bbox 1306 2979 1361 3034; x_wconf 81' lang='lat'><strong>8.</strong></span> <span class='ocrx_word' id='word_1_270' title='bbox 1403 2989 1455 3034; x_wconf 90' lang='lat' dir='ltr'><strong>et</strong></span> <span class='ocrx_word' id='word_1_271' title='bbox 1492 2980 1610 3053; x_wconf 88' lang='grc'>9.),</span> <span class='ocrx_word' id='word_1_272' title='bbox 1646 2992 1702 3034; x_wconf 90' lang='lat' dir='ltr'><strong>ut</strong></span> <span class='ocrx_word' id='word_1_273' title='bbox 1740 2979 1902 3052; x_wconf 88' lang='lat' dir='ltr'><strong>capite</strong></span> <span class='ocrx_word' id='word_1_274' title='bbox 1940 2977 2216 3031; x_wconf 85' lang='lat' dir='ltr'><strong>constituto</strong></span> 
     </span>
     <span class='ocr_line' id='line_1_34' title="bbox 362 3063 2218 3139; baseline -0.004 -16"><span class='ocrx_word' id='word_1_275' title='bbox 362 3069 696 3123; x_wconf 88' lang='lat' dir='ltr'><strong>scissurarum</strong></span> <span class='ocrx_word' id='word_1_276' title='bbox 737 3079 788 3122; x_wconf 91' lang='lat' dir='ltr'><strong>et</strong></span> <span class='ocrx_word' id='word_1_277' title='bbox 826 3067 1112 3121; x_wconf 83' lang='lat' dir='ltr'><strong>schismatis</strong></span> <span class='ocrx_word' id='word_1_278' title='bbox 1150 3067 1357 3120; x_wconf 87' lang='lat' dir='ltr'><strong>tollatur</strong></span> <span class='ocrx_word' id='word_1_279' title='bbox 1383 3067 1614 3135; x_wconf 82' lang='lat' dir='ltr'><strong>oceasi03</strong></span> <span class='ocrx_word' id='word_1_280' title='bbox 1653 3068 1752 3123; x_wconf 90' lang='lat' dir='ltr'><strong>vim</strong></span> <span class='ocrx_word' id='word_1_281' title='bbox 1779 3066 2005 3139; x_wconf 86' lang='lat' dir='ltr'><strong>profecto</strong></span> <span class='ocrx_word' id='word_1_282' title='bbox 2033 3063 2218 3117; x_wconf 88' lang='lat' dir='ltr'><strong>coacti-</strong></span> 
     </span>
     <span class='ocr_line' id='line_1_35' title="bbox 359 3144 2219 3224; baseline -0.004 -13"><span class='ocrx_word' id='word_1_283' title='bbox 359 3173 474 3211; x_wconf 84' lang='lat' dir='ltr'><strong>vam</strong></span> <span class='ocrx_word' id='word_1_284' title='bbox 511 3157 565 3210; x_wconf 88' lang='lat' dir='ltr'><strong>in</strong></span> <span class='ocrx_word' id='word_1_285' title='bbox 603 3175 778 3211; x_wconf 91' lang='lat' dir='ltr'><strong>omnes</strong></span> <span class='ocrx_word' id='word_1_286' title='bbox 817 3144 1075 3210; x_wconf 88' lang='lat' dir='ltr'><strong>collective</strong></span> <span class='ocrx_word' id='word_1_287' title='bbox 1125 3155 1272 3209; x_wconf 89' lang='lat' dir='ltr'><strong>dehet</strong></span> <span class='ocrx_word' id='word_1_288' title='bbox 1318 3154 1531 3220; x_wconf 87' lang='lat' dir='ltr'><strong>habere,</strong></span> <span class='ocrx_word' id='word_1_289' title='bbox 1582 3155 1691 3209; x_wconf 90' lang='lat' dir='ltr'><strong>sine</strong></span> <span class='ocrx_word' id='word_1_290' title='bbox 1711 3172 1826 3224; x_wconf 90' lang='lat' dir='ltr'><strong>-qua</strong></span> <span class='ocrx_word' id='word_1_291' title='bbox 1874 3153 2005 3205; x_wconf 88' lang='lat' dir='ltr'><strong>latus</strong></span> <span class='ocrx_word' id='word_1_292' title='bbox 2061 3151 2219 3206; x_wconf 90' lang='lat' dir='ltr'><strong>schis-</strong></span> 
     </span>
     <span class='ocr_line' id='line_1_36' title="bbox 362 3239 2216 3315; baseline -0.003 -19"><span class='ocrx_word' id='word_1_293' title='bbox 362 3244 577 3298; x_wconf 90' lang='lat' dir='ltr'><strong>matibus</strong></span> <span class='ocrx_word' id='word_1_294' title='bbox 615 3254 667 3298; x_wconf 92' lang='lat' dir='ltr'><strong>et</strong></span> <span class='ocrx_word' id='word_1_295' title='bbox 705 3243 943 3299; x_wconf 90' lang='lat' dir='ltr'><strong>scissuris</strong></span> <span class='ocrx_word' id='word_1_296' title='bbox 980 3243 1144 3296; x_wconf 87' lang='lat' dir='ltr'><strong>aditus</strong></span> <span class='ocrx_word' id='word_1_297' title='bbox 1181 3252 1395 3315; x_wconf 90' lang='lat' dir='ltr'><strong>pateret,</strong></span> <span class='ocrx_word' id='word_1_298' title='bbox 1430 3240 1738 3310; x_wconf 86' lang='lat' dir='ltr'><strong>unitatisque</strong></span> <span class='ocrx_word' id='word_1_299' title='bbox 1774 3240 1960 3293; x_wconf 86' lang='lat' dir='ltr'><strong>bonum</strong></span> <span class='ocrx_word' id='word_1_300' title='bbox 2000 3239 2216 3293; x_wconf 85' lang='lat' dir='ltr'><strong>obtineri</strong></span> 
     </span>
     <span class='ocr_line' id='line_1_37' title="bbox 363 3325 2218 3404; baseline -0.003 -22"><span class='ocrx_word' id='word_1_301' title='bbox 363 3350 464 3383; x_wconf 88' lang='lat' dir='ltr'><strong>non</strong></span> <span class='ocrx_word' id='word_1_302' title='bbox 502 3341 693 3404; x_wconf 90' lang='lat' dir='ltr'><strong>posset.</strong></span> <span class='ocrx_word' id='word_1_303' title='bbox 769 3330 902 3384; x_wconf 90' lang='lat' dir='ltr'><strong>Hinc</strong></span> <span class='ocrx_word' id='word_1_304' title='bbox 957 3348 1056 3402; x_wconf 88' lang='lat' dir='ltr'><strong>qua</strong></span> <span class='ocrx_word' id='word_1_305' title='bbox 1104 3330 1307 3389; x_wconf 86' lang='lat' dir='ltr'><strong>ratione¹</strong></span> <span class='ocrx_word' id='word_1_306' title='bbox 1341 3348 1400 3384; x_wconf 89' lang='lat' dir='ltr'><strong>ea</strong></span> <span class='ocrx_word' id='word_1_307' title='bbox 1439 3328 1516 3383; x_wconf 90' lang='lat' dir='ltr'><strong>vis</strong></span> <span class='ocrx_word' id='word_1_308' title='bbox 1559 3327 1613 3380; x_wconf 93' lang='lat' dir='ltr'><strong>in</strong></span> <span class='ocrx_word' id='word_1_309' title='bbox 1663 3325 1888 3399; x_wconf 85' lang='lat' dir='ltr'><strong>singulos</strong></span> <span class='ocrx_word' id='word_1_310' title='bbox 1939 3328 2000 3381; x_wconf 92' lang='lat' dir='ltr'><strong>ab</strong></span> <span class='ocrx_word' id='word_1_311' title='bbox 2039 3327 2218 3381; x_wconf 84' lang='lat' dir='ltr'><strong>adver-</strong></span> 
     </span>
     <span class='ocr_line' id='line_1_38' title="bbox 365 3412 2217 3489; baseline -0.002 -20"><span class='ocrx_word' id='word_1_312' title='bbox 365 3417 513 3471; x_wconf 86' lang='lat' dir='ltr'><strong>sariis</strong></span> <span class='ocrx_word' id='word_1_313' title='bbox 552 3418 842 3472; x_wconf 88' lang='lat' dir='ltr'><strong>conceditur</strong></span> <span class='ocrx_word' id='word_1_314' title='bbox 881 3436 1034 3471; x_wconf 79' lang='lat' dir='ltr'><strong>causa</strong></span> <span class='ocrx_word' id='word_1_315' title='bbox 1083 3417 1362 3489; x_wconf 83' lang='lat' dir='ltr'><strong>primatuS,</strong></span> <span class='ocrx_word' id='word_1_316' title='bbox 1414 3415 1586 3469; x_wconf 77' lang='lat' dir='ltr'><strong>eadem·</strong></span> <span class='ocrx_word' id='word_1_317' title='bbox 1633 3412 1685 3465; x_wconf 89' lang='lat' dir='ltr'><strong>in</strong></span> <span class='ocrx_word' id='word_1_318' title='bbox 1735 3433 1910 3474; x_wconf 84' lang='lat' dir='ltr'><strong>omnes</strong></span> <span class='ocrx_word' id='word_1_319' title='bbox 1961 3413 2217 3468; x_wconf 86' lang='lat' dir='ltr'><strong>collective</strong></span> 
     </span>
    </p>
   </div>
  </div>
 </body>
</html>
