2326 3854
942 233 1103 272 XLvn

258 379 415 450 Quae
462 395 582 433 cum
625 378 874 452 ita·sint,
922 376 1104 448 ecquis
1136 390 1274 448 ergo
1319 370 1521 426 audeat
1563 367 1929 426 Pistorienses

130 469 345 543 imitari,
378 465 922 534 Declarationemque
951 463 1124 536 illam,
1156 476 1255 515 seu
1286 458 1583 514 doctrinam
1607 459 1660 511 in
1693 473 1761 511 ea
1790 473 1929 511 con-

129 557 331 610 tentam
367 550 616 624 laudare,
660 549 922 620 adoptare
968 551 1024 602 et
1067 547 1338 622 amplecti,
1382 562 1448 599 ac
1479 546 1525 598 si
1565 546 1618 598 in
1649 547 1931 615 utramque

130 644 338 715 partem
383 637 557 710 quoad
602 632 726 688 illos
762 634 1084 706 reprobatae
1115 632 1518 687 Declarationis
1550 629 1808 686 articulos
1853 630 1930 683 li-

131 730 259 781 bere
304 722 564 795 disputari
607 716 835 793 posset?
904 717 1040 786 Quis
1085 735 1191 774 non
1237 720 1415 791 potius
1459 718 1647 773 humili
1691 717 1932 770 submis-

129 813 281 865 sione
327 809 686 882 amplectatur
731 809 786 859 et
830 809 1088 877 sequatur
1115 802 1327 859 Summi
1357 803 1606 859 Pastoris
1650 819 1932 858 veneran-

130 898 252 951 dam
295 910 519 968 vocem,
577 891 716 947 adeo
762 892 1009 966 solliciti,
1067 907 1244 996 agnos
1291 894 1348 944 ct
1391 907 1526 946 oves
1572 907 1607 944 a
1650 889 1934 945 venenatis

128 998 319 1036 arcere
364 976 630 1054 pascuis?

257 1067 512 1122 Fehronii
573 1069 630 1119 et
686 1063 1096 1118 Pistoriensium
1157 1062 1356 1116 multos
1422 1062 1492 1116 ad
1548 1077 1791 1135 unguem
1850 1062 1934 1116 si-

128 1154 285 1208 miles
332 1153 574 1207 asseclas
620 1153 699 1205 sic
725 1150 868 1206 dicta
896 1147 1204 1223 Josephina
1249 1147 1460 1221 epocha
1486 1165 1751 1204 novarum
1796 1164 1936 1203 con-

129 1246 214 1296 tra
242 1238 393 1293 Petri
418 1234 751 1292 cathedram
794 1253 979 1290 rerum
1021 1240 1376 1307 veterumque
1423 1251 1667 1289 errorum
1711 1237 1935 1288 restau-

128 1326 418 1381 randorum
463 1324 798 1379 fertilissima
831 1324 1144 1396 progenuit.
1213 1320 1450 1377 Soboles
1483 1325 1602 1376 erat
1637 1320 1754 1396 illa,
1800 1335 1938 1392 quae

128 1413 261 1467 nihil
290 1427 396 1467 non
427 1411 818 1479 moliebantur,
865 1424 968 1482 quo
999 1407 1152 1464 Petri
1181 1406 1388 1463 Sedem
1420 1410 1712 1482 vexarent,
1747 1410 1802 1461 et
1831 1423 1938 1480 op—

129 1502 463 1574 pugnarent,
510 1499 762 1569 avitaque
805 1497 1270 1569 praeeminentiae
1301 1496 1591 1549 autoritate
1623 1493 1939 1566 spoliarent.

130 1584 207 1640 Ut
251 1602 323 1638 ex
366 1601 474 1639 uno
516 1600 708 1639 omnes
753 1581 966 1658 discaS,
1022 1579 1322 1654 Eybelium
1366 1598 1637 1654 memor0,
1691 1581 1941 1653 procacis

133 1673 310 1724 virum
354 1670 581 1744 ingenii,
627 1671 715 1741 qui
761 1668 903 1723 edito
948 1668 1159 1742 libello,
1204 1668 1290 1722 cui
1321 1667 1539 1722 titulus:
1586 1667 1730 1725 Qssuss
1761 1664 1824 1736 ist
1854 1665 1942 1722 bet

132 1754 342 1829 Spernit?
387 1755 797 1810 nihilmomenti
820 1755 1021 1829 attulit,
1054 1757 1277 1828 praeter
1312 1752 1730 1827 petulantiorem
1760 1769 1940 1825 quan-

135 1842 258 1896 dam
305 1839 511 1916 (verba
555 1845 680 1896 sunt
719 1839 807 1896 Pii
839 1838 978 1916 Vl.)
1035 1842 1090 1894 in
1134 1838 1410 1894 veteribus
1455 1840 1737 1895 calumniis
1781 1843 1941 1893 rete-

132 1928 328 1982 xendis
371 1927 675 1982 licentiam:
726 1927 1061 2002 „quemlibet
1089 1925 1424 1999 Episcopum
1467 1930 1721 1981 vocatum
1756 1943 1790 1980 a
1818 1924 1941 1980 Deo

133 2013 201 2068 ad
259 2014 712 2087 gubernationem
755 2011 1048 2068 Ecclesiae
1105 2028 1212 2068 non
1265 2012 1442 2067 minus
1499 2029 1660 2086 quam
1711 2010 1942 2087 Papam,

132 2116 235 2155 nec
277 2100 470 2154 minori
513 2099 820 2172 praeditum
866 2115 990 2154 esse
1034 2102 1340 2174 potestate:
1388 2095 1671 2154 Christum
1713 2098 1944 2153 eandem

54 2223 60 2226 >
132 2203 231 2260 per
276 2202 403 2240 sese
434 2186 718 2259 Apostolis
751 2187 994 2241 omnibus
1030 2189 1360 2259 potestatem
1403 2186 1642 2241 dedisse.
1669 2223 1685 2240 .
1712 2225 1728 2240 .
1753 2225 1769 2239 .
1814 2184 1942 2240 Vo-

133 2273 302 2326 luisse
328 2268 606 2326 Christum
640 2268 952 2327 Ecclesiam
988 2273 1321 2347 reipublicae
1366 2289 1516 2328 more
1547 2272 1944 2327 administrari:

137 2359 188 2412 ei
233 2357 447 2429 quidem
490 2359 746 2433 regimini
805 2375 945 2431 opus
989 2375 1114 2414 esse
1160 2357 1428 2413 Praeside
1486 2375 1584 2431 pro
1629 2360 1768 2413 bono
1814 2360 1944 2413 uni—

135 2444 282 2518 tatis,
327 2459 519 2497 verum
563 2446 652 2516 qui
695 2460 803 2499 non
849 2444 1048 2499 audeat
1092 2460 1154 2498 se
1201 2445 1463 2521 aliorum,
1511 2446 1601 2517 qui
1641 2445 1798 2498 simul
1845 2462 1944 2499 re-

135 2534 295 2604 gunt,
340 2530 579 2604 negotiis
623 2532 935 2604 implicare3
980 2531 1332 2605 privilegium
1366 2536 1546 2587 tamen
1592 2531 1793 2585 habeat
1836 2548 1945 2585 ne-

136 2616 417 2690 gligentes
450 2615 768 2671 cohortandi
814 2616 881 2671 ad
925 2634 1027 2672 sua
1070 2616 1346 2691 implenda
1375 2619 1577 2672 munia.
1663 2615 1788 2671 Vim
1824 2620 1945 2691 pri-

135 2706 312 2756 matus
342 2702 447 2757 hac
476 2717 586 2756 una
619 2705 1014 2777 praerogativa
1043 2705 1306 2759 contineri
1338 2703 1676 2778 supplendae
1716 2705 1948 2759 aliorum

138 2784 537 2862 negligentiae,
581 2789 947 2864 prospiciendi
987 2792 1391 2845 conservationi
1423 2792 1641 2846 unitatis
1670 2788 1946 2845 hortatio-

139 2872 292 2924 nibus
341 2875 396 2926 et
438 2874 707 2947 exemplo.
788 2873 1081 2931 Pontifices
1125 2876 1261 2931 nihil
1289 2893 1455 2950 posse
1490 2879 1544 2932 in
1575 2877 1758 2931 aliena
1784 2876 1947 2932 dioe-

138 2959 251 3010 cesi
296 2962 676 3030 praeterquam
722 2960 1151 3017 extraordinario
1197 2980 1363 3034 casu3
1405 2962 1721 3021 Pontificem
1769 2960 1951 3037 Caput

141 3059 287 3118 esse,
335 3042 472 3115 quod
521 3046 630 3099 vim
675 3061 830 3099 suam
875 3064 942 3101 ac
986 3046 1292 3103 firmitatem
1335 3054 1524 3104 teneat
1567 3052 1632 3105 ab
1668 3047 1947 3121 Ecclesia.

140 3126 430 3184 Pontifices
475 3131 679 3186 licitum
725 3132 824 3186 sibi
868 3130 1069 3187 fecisse
1112 3134 1352 3189 violandi
1389 3139 1520 3210 Jura
1551 3134 1949 3208 Episcoporum

142 3212 292 3269 etc.“
350 3215 507 3270 Haec
538 3222 664 3272 sunt
695 3234 833 3290 quae
865 3218 1029 3291 impia
1060 3223 1372 3273 eructantur
1414 3237 1481 3275 eo
1515 3222 1568 3274 in
1603 3221 1761 3296 libro,
1791 3237 1950 3294 quem

140 3299 273 3355 Pius
318 3301 417 3356 Vl.
477 3303 672 3358 litteris
719 3304 858 3358 datis
914 3304 1017 3360 28.
1062 3303 1393 3359 Novembris
1444 3305 1626 3363 1786.
1682 3307 1951 3380 „Super

148 3386 550 3459 Soliditatc,“
594 3390 892 3464 damnavit,
940 3407 1206 3463 quemque
1250 3392 1424 3447 solide
1455 3409 1606 3447 more
1642 3410 1744 3448 suo
1788 3393 1949 3448 refu-

144 3478 324 3528 tarunt
369 3475 437 3528 cl.
485 3473 858 3532 Mamachius:
901 3477 1044 3547 „Le
1088 3477 1303 3532 lettere
1348 3477 1414 3532 di
1451 3478 1611 3551 pisto
1638 3478 1951 3554 Aletin0,“
