2326 3854
951 166 1614 224 --—-224—-

351 338 546 398 autem,
583 350 730 404 quem
767 333 820 387 in
844 332 1134 406 Episcopali
1170 333 1349 388 ordine
1377 340 1757 405 praeeminere
1795 339 2063 398 affirmavit
2099 346 2200 398 cel·

349 422 494 472 ⁴tiore
538 423 796 492 fastigio,
855 439 966 474 eam
1028 421 1366 495 praecipiendi
1421 433 1473 478 et
1521 424 1797 497 deponendi
1852 429 2200 486 auctoritatem

347 506 648 573 vindicavit,
699 525 846 578 quam
885 525 956 562 ex
981 509 1266 581 potentiori
1303 511 1524 584 primatu
1573 511 1734 566 eidem
1772 524 2060 587 competere
2101 535 2202 572 non

350 593 637 666 ignorabat.

1185 700 1236 770 §-
1275 699 1372 756 1v.

352 800 464 842 Num
506 799 811 843 Tridentinum
848 805 1052 855 generale
1094 807 1326 848 concilium
1368 819 1506 859 supra
1542 807 1706 861 Papam
1748 813 2051 854 auctoritatem
2083 824 2199 854 erer-

531 864 682 905 cuerit.
726 863 780 904 In
812 875 908 916 cap.
942 866 986 909 6.
1021 864 1228 908 Febr-onii
1260 865 1297 920 §.
1333 869 1374 910 1.
1409 880 1525 910 num.
1562 870 1606 914 5.
1639 872 1672 910 t.
1706 871 1747 914 1.
1779 883 1884 924 pag.
1921 873 2021 913 181.

493 945 640 1016 Quod
668 949 748 1004 hic
774 951 1016 1005 affirmat:
1056 954 1240 1024 Ipsum
1284 955 1584 1011 Concilium
1618 955 1990 1012 Tridentinum
2015 1000 2027 1012 .
2056 1000 2068 1012 .
2098 999 2111 1012 .

347 1041 784 1105 superioritatem
837 1042 894 1091 in
947 1039 1270 1113 Pontificem
1315 1051 1440 1097 actu
1489 1047 1800 1098 exercuisse
1853 1050 2020 1100 variis
2069 1033 2203 1101 locis

347 1125 801 1194 deprehenditur,
851 1127 1176 1182 falsissimum
1226 1139 1324 1183 est.
1419 1128 1705 1197 Fallaciae,
1765 1149 1897 1202 quae
1946 1131 2204 1187 Febronio

346 1209 510 1263 fucum
561 1211 707 1277 fecit,
770 1214 916 1287 origo
972 1215 1016 1268 si
1065 1217 1359 1288 detegatur,
1415 1218 1585 1272 omnia
1645 1220 1792 1275 facile
1839 1219 2202 1292 intelligentur.

348 1294 563 1352 Concilii
609 1301 868 1370 generalis
918 1303 1122 1358 nomine
1170 1303 1446 1377 accipiendi
1494 1323 1595 1358 non
1653 1317 1772 1360 sunt
1796 1322 1799 1323 ’
1820 1307 1917 1360 soli
1964 1305 2207 1380 Episcopi

346 1385 409 1437 ad
447 1382 729 1439 Concilium
767 1390 1035 1443 convocati
1071 1391 1342 1462 separatim
1381 1410 1412 1444 a
1447 1390 1618 1464 Papa,
1655 1393 1743 1464 qui>
1776 1403 2016 1466 tanquam
2054 1404 2206 1468 caput

346 1471 506 1526 eidem
544 1473 877 1529 concilio=vel
911 1494 1004 1548 per
1041 1495 1098 1530 se
1135 1478 1218 1533 vel
1253 1497 1344 1551 per
1380 1496 1500 1532 suos
1538 1480 1738 1552 legatos
1763 1481 2075 1535 ⁴nonvsolum
2112 1481 2202 1535 ab-

346 1578 488 1627 esse,
526 1579 706 1617 verum
755 1562 909 1616 etiam
958 1583 1200 1637 praeesse
1247 1564 1320 1627 ita
1358 1565 1532 1633 debet,
1582 1576 1639 1620 ut
1684 1567 1891 1622 decreta
1937 1577 2044 1621 tum
2091 1567 2205 1623 fidei

346 1657 450 1701 tum
491 1648 781 1722 disciplinae
817 1650 870 1706 vi
907 1652 1164 1723 generalis
1210 1653 1393 1726 synodi
1430 1663 1669 1721 careant,
1719 1654 1766 1708 si
1815 1656 1925 1727 ejus
1963 1672 2205 1710 assensus

347 1736 431 1790 vel
456 1737 796 1791 ‚confirmatio
844 1739 991 1794 desit.
1082 1740 1216 1809 Vide
1266 1741 1352 1795 lib.
1401 1743 1491 1796 De
1532 1750 1732 1813 potest.
1782 1744 1994 1798 Eccles.
2040 1742 2206 1814 quoad

347 1824 667 1879 definitiones
701 1826 817 1881 fidei
855 1846 966 1902 cap.
996 1831 1069 1895 ⁶2„
1109 1839 1162 1884 et
1200 1848 1312 1902 cap.
1350 1829 1405 1882 4.
1446 1830 1608 1901 quoad
1647 1848 1869 1886 canones
1894 1829 2204 1903 disciplinae.

347 1910 479 1966 Cum
515 1912 690 1984 itaque
739 1928 909 1969 sermo
959 1925 1039 1970 est
1085 1918 1146 1972 de
1193 1917 1411 1971 decretis
1460 1917 1662 1973 concilii
1715 1917 2047 1986 oecumenici,
2102 1935 2206 1971 non

347 2010 427 2054 est
481 2019 647 2055 sermo
704 2002 765 2057 de
826 2003 1046 2058 decretis
1098 2004 1214 2058 latis
1265 2024 1296 2058 a
1335 2006 1474 2059 -solis
1523 2004 1816 2079 'Episcopis
1857 2005 2094 2059 adunatis
2149 2005 2204 2058 in

347 2089 575 2162 synodo,
617 2089 706 2142 sed
755 2091 815 2144 de
866 2091 1085 2146 decretis
1133 2092 1254 2146 latis
1271 2121 1279 2137 κ
1301 2093 1446 2146 simul
1497 2111 1530 2146 a
1565 2091 1713 2166 Papa
1762 2092 2078 2148 assentiente
2113 2110 2205 2146 seu

346 2176 678 2231 confirmante
723 2179 895 2232 eadem
943 2179 1149 2234 decreta
1195 2181 1277 2236 vel
1322 2199 1415 2253 per
1471 2198 1528 2235 se
1577 2182 1661 2236 vel
1695 2199 1788 2254 per
1843 2181 2072 2252 legatoS‚
2120 2179 2206 2251 qui

345 2262 523 2337 Papae
561 2265 870 2319 sententiam
908 2285 1001 2320 suo
1052 2268 1243 2321 calculo
1282 2268 1626 2340 protulerunt:
1675 2268 1918 2340 haecque‘
1949 2267 2206 2322 sententia

346 2362 631 2406 ceterorum
671 2353 1000 2426 singularium
1037 2353 1403 2428 Episcoporum
1443 2354 1710 2410 sententiis
1747 2356 1822 2410 ita
1857 2365 2112 2429 praestat,
2147 2364 2206 2408 ut

346 2440 578 2512 quidquid
617 2442 775 2496 ceteri
822 2442 935 2496 sine
980 2442 1090 2515 ipso
1138 2443 1538 2510 constituerent,
1588 2444 1772 2497 nullam
1807 2443 1911 2499 vim
1950 2443 2205 2516 generalis

345 2529 531 2601 synodi
584 2529 838 2602 propriam
906 2530 1174 2585 obtineret.
1248 2527 1427 2599 ,Quod
1487 2541 1656 2586 autem
1723 2531 1835 2604 ipso
1895 2530 2206 2586 assentiente

345 2626 514 2670 ratum
563 2626 670 2683 est,
717 2618 1026 2673 adversariis
1075 2637 1179 2672 non
1228 2620 1456 2691 prodest:
1521 2620 1654 2673 sicut
1703 2618 1838 2672 enim
1886 2617 1941 2670 in
1990 2636 2206 2672 consen-

343 2702 574 2770 tientem,
613 2713 700 2757 aut
733 2704 787 2758 in
825 2706 1045 2778 seipsum
1082 2724 1232 2759 nemo
1270 2706 1423 2759 habet
1446 2705 1730 2779 imperium,
1767 2704 1842 2758 ita
1879 2723 1950 2758 ex
1987 2704 2204 2758 decretis

345 2791 556 2863 synodi,
605 2810 735 2862 quae
773 2791 917 2866 Papa
956 2793 1304 2847 consentiente
1348 2793 1434 2847 vel
1483 2793 1816 2847 confirmante
1854 2791 2205 2846 oecumenicae

346 2879 529 2952 synodi
565 2879 664 2935 vim
706 2879 918 2946 habent,
975 2881 1220 2953 ejusmodi
1268 2879 1468 2934 concilii
1505 2880 1784 2939 auctoritas
1839 2898 1932 2934 seu
1978 2879 2206 2934 coactiva

343 2967 424 3021 vis
462 2986 618 3041 supra
654 2966 852 3041 Papam
890 2969 1067 3040 nequit
1104 2967 1301 3022 inferri.

491 3054 603 3110 Hoc
647 3075 749 3110 uno
806 3055 1052 3129 principio
1104 3055 1275 3110 omnia
1321 3053 1568 3110 Fehronii
1628 3057 1827 3128 objecta
1874 3062 2202 3108 enervantur.

346 3140 690 3215 Quaecunque
738 3144 872 3198 enim
917 3144 1123 3198 decreta
1171 3154 1222 3199 et
1278 3162 1501 3199 canones
1562 3141 1818 3216 generalis
1863 3140 2064 3195 concilii
2110 3158 2203 3194 no-

346 3231 480 3285 mine
517 3231 657 3298 editi,
696 3250 799 3284 non
834 3230 1203 3305 Episcoporum
1239 3241 1456 3298 tantum,
1497 3231 1585 3285 sed
1622 3229 1798 3303 Papae
1835 3229 1990 3282 etiam
2030 3238 2203 3282 aucto-

347 3319 500 3374 ritate
536 3330 588 3374 et
627 3337 843 3374 assensu
887 3319 1008 3374 editi
1050 3319 1416 3392 intelliguntur.
1490 3320 1550 3371 In
1597 3319 1692 3372 hac
1734 3315 1932 3370 unitate
1979 3316 2204 3370 maxima

346 3407 669 3462 conciliorum
719 3407 1034 3480 generalium
1083 3407 1164 3463 vis
1200 3417 1309 3475 est,
1358 3425 1489 3478 quae
1527 3423 1644 3465 ‚cum
1690 3403 1984 3458 auctoritati
2029 3402 2204 3476 Papae

348 3492 424 3546 his
462 3495 679 3548 decretis
717 3495 941 3550 maxime
990 3494 1315 3551 necessariae
1359 3492 1480 3547 nihil
1515 3491 1875 3563 praejudicat,
1925 3501 2030 3544 tum
2078 3507 2202 3545 vero
