2326 3854
788 223 953 230 ---—
1045 209 1105 243 lx

183 367 548 437 occupaverat
590 366 798 418 mentes
848 363 1198 435 plurimorum
1242 360 1545 414 litterarum
1603 359 1782 433 magis
1826 374 1984 431 quam

180 449 538 505 litteratorum
581 452 688 504 ista
716 448 929 503 traditio
977 444 1206 523 (nempe
1237 445 1375 518 quod
1405 443 1560 518 Papa
1590 446 1659 499 sit
1683 444 1984 499 infallibilis

184 538 238 589 et
282 553 446 608 supra
481 531 786 609 Concilia)‚
831 537 890 587 ut
935 534 1302 606 oppositorum
1346 531 1743 606 dogmatizator
1789 530 1985 585 fuisset

183 620 250 675 de
293 621 568 676 haeretica
611 620 879 692 pravitate
911 619 1002 672 vel
1043 622 1261 673 notatus
1305 617 1402 672 vel.
1443 617 1744 672 damnatus.
1762 612 1803 649 ⁶⁶

309 703 515 760 Verum
570 709 750 760 tamen
794 706 1000 758 tantum
1044 704 1231 778 abest,
1286 706 1346 758 ut
1390 699 1640 758 Concilia
1695 702 1984 777 generalia

183 792 282 846 sibi
312 793 696 866 arrogaverint
725 792 1048 863 potestatem
1075 786 1358 843 Summum
1380 787 1698 844 Pontificem
1729 788 1984 863 cogendi,

184 880 277 930 aut
311 880 426 952 jus,
471 877 791 931 sententiam
835 877 891 929 in
936 892 1059 929 eum
1091 873 1337 949 serendi,
1382 879 1442 929 ut
1473 871 1778 930 Concilium
1809 891 1984 930 oecu-

182 963 444 1017 menicum
490 961 644 1017 VIII.
703 957 1394 1036 (Constantinopolitanum
1449 959 1548 1015 IV.
1567 1000 1585 1035 ,
1655 961 1987 1016 celebratum

184 1065 323 1102 anno
370 1045 553 1123 869.)
600 1047 812 1105 art.lX.
860 1065 980 1103 can.
1017 1048 1116 1104 13.
1163 1047 1488 1101 contrarium
1533 1049 1721 1119 aperte
1767 1050 1985 1101 statue-

182 1135 283 1208 rit,
331 1137 486 1204 cujus
531 1135 801 1189 sententia
843 1133 983 1187 haec
1029 1136 1144 1187 est:
1200 1130 1322 1207 „Si
1368 1133 1485 1204 quis
1529 1135 1680 1188 tanta
1726 1132 1984 1186 efferatus

184 1219 432 1291 audacia,
482 1219 925 1293 quemadmodum
953 1217 1181 1274 Photius
1229 1222 1283 1272 et
1311 1217 1635 1288 Dioscorus,
1683 1219 1802 1272 sive
1841 1219 1985 1272 scri—

182 1309 307 1380 pto,
352 1308 469 1361 sive
514 1323 620 1362 non
666 1307 901 1380 scripto,
948 1305 1187 1360 insanias
1234 1305 1492 1377 quasdam
1538 1308 1725 1359 contra
1766 1299 1985 1358 Cathe-

184 1391 334 1445 dram
365 1387 687 1465 Coryphaei
716 1390 1106 1465 Apostolorum
1135 1389 1287 1445 Petri
1322 1391 1522 1446 audeat
1556 1394 1795 1464 jactare,
1843 1407 1985 1444 ean-

185 1475 308 1532 dem
353 1481 512 1550 atque
557 1479 638 1532 illi
682 1477 1039 1532 damnationis
1099 1478 1424 1532 sententiam
1469 1478 1678 1531 subeat.
1770 1473 1835 1530 Si
1881 1493 1987 1547 qua

183 1580 317 1618 vero
379 1565 727 1619 oecumenica
771 1561 1002 1635 Synodo
1061 1563 1327 1638 collecta,
1397 1563 1466 1618 de
1509 1561 1766 1618 Romana
1824 1564 1986 1616 etiam

184 1646 440 1704 Ecclesia
485 1651 856 1705 controversia
900 1650 1171 1725 extiterit,
1227 1649 1410 1704 licebit
1455 1668 1575 1704 cum
1622 1648 1838 1703 decenti
1884 1665 1984 1702 re-

184 1736 432 1790 verentia
475 1735 542 1790 de
586 1736 864 1808 proposita
909 1737 1225 1807 quaestione
1282 1739 1612 1790 venerantes
1656 1735 1985 1808 percontari,

184 1836 611 1893 responsumque
642 1821 948 1895 admittere,
997 1825 1051 1876 et
1081 1823 1200 1876 sive
1217 1822 1414 1891 juvari
1444 1822 1562 1876 sive
1598 1825 1834 1893 juvare3
1879 1837 1986 1875 non

183 1907 364 1960 tamen
406 1906 745 1980 impudenter
788 1910 976 1961 contra
1020 1908 1250 1962 senioris
1280 1905 1496 1962 Romae
1526 1905 1817 1963 Pontifices
1849 1923 1986 1960 sen-

183 1992 405 2047 tentiam
449 1988 697 2048 dicere.“
766 1989 1110 2066 Quapropter
1140 1994 1359 2048 attentis
1393 1995 1555 2048 etiam
1584 1993 1716 2068 illis,
1763 2008 1903 2066 quae
1933 1993 1987 2046 in

184 2075 546 2151 Lugdunensi
587 2077 659 2133 II.
707 2073 796 2154 (a.
837 2075 1056 2154 1274.)
1105 2079 1384 2134 declarata
1427 2084 1483 2134 et
1525 2081 1579 2134 in
1623 2078 1986 2134 Lateranensi

186 2161 256 2217 V.
304 2160 392 2238 (a.
429 2161 650 2239 1512.)
698 2183 732 2220 a
772 2164 965 2220 Leone
986 2160 1065 2222 X.
1113 2163 1272 2221 sess.
1297 2165 1402 2220 XI.
1451 2183 1608 2221 sacro
1654 2166 1987 2239 approbante

187 2245 433 2305 Concilio
479 2252 800 2327 constituta,
859 2268 962 2306 nee
1006 2268 1114 2307 non
1159 2253 1212 2307 in
1257 2251 1575 2308 Florentino
1624 2249 1713 2327 (a.
1763 2248 1985 2326 1439.)

186 2336 241 2389 in
265 2333 503 2391 Decreto
548 2336 771 2394 definita.
810 2339 1070 2411 eXistunt,
1115 2354 1222 2392 non
1269 2337 1464 2393 desunt
1499 2355 1709 2412 graves
1741 2343 1984 2408 autoreS,

189 2421 275 2492 qui
321 2437 440 2475 eam
486 2420 552 2475 de
598 2439 854 2494 suprema
898 2419 1129 2477 Concilii
1176 2424 1457 2496 generalis
1516 2425 1803 2489 autoritate
1858 2425 1985 2495 opi-

186 2507 398 2560 nionem
457 2508 551 2576 vix
607 2508 907 2562 haereseos
961 2525 1070 2563 non
1120 2510 1386 2564 incusent.
1474 2506 1628 2569 Sane
1676 2505 1986 2564 Cardinalis

185 2590 548 2647 Bellarminus
600 2595 652 2648 in
706 2595 941 2668 egregio
996 2611 1164 2667 opere
1216 2612 1349 2670 suo,
1411 2595 1552 2668 quod
1605 2595 1673 2650 de
1705 2594 1984 2653 ¹Romano

185 2676 447 2734 Pontifice
493 2681 822 2755 composuit,
868 2698 987 2754 cap.
1027 2682 1123 2737 17.
1172 2699 1293 2736 cum
1337 2683 1619 2736 statuisset
1661 2682 1802 2736 hanc
1847 2698 1984 2754 pro-

187 2765 547 2837 positionem:
623 2803 668 2837 „
685 2763 943 2821 Summus
997 2765 1256 2822 Pontifex
1311 2768 1626 2842 simpliciter
1694 2772 1749 2823 et
1815 2770 1984 2823 abso-

187 2849 302 2904 lute
348 2853 431 2903 est
475 2868 640 2923 supra
680 2849 991 2907 Ecclesiam
1031 2855 1344 2908 universam
1390 2857 1445 2908 et
1485 2871 1652 2927 supra
1683 2851 1987 2913 Concilium

190 2936 477 3008 generale,
509 2936 586 2989 ita
615 2941 674 2991 ut
701 2938 908 2993 nullum
936 2940 991 2992 in
1021 2941 1182 2994 terris
1215 2956 1380 3013 supra
1411 2957 1472 2994 se
1499 2940 1764 3011 judicium
1797 2958 1984 3014 agno-

190 3017 394 3093 scat‚“
441 3020 642 3090 adjecit
657 3040 687 3076 εἶ
704 3048 765 3092 -,,
782 3022 949 3077 Haec
994 3020 1365 3100 (propositio)
1412 3030 1501 3081 est
1538 3026 1680 3098 fere
1725 3027 1986 3098 defide.“

315 3104 406 3160 Ne
452 3111 631 3162 autem
689 3124 848 3179 quem
892 3126 1057 3163 verus
1115 3113 1523 3167 controversiae
1576 3116 1749 3167 status
1794 3112 1984 3187 lateat.

191 3194 500 3249 autumetve
532 3196 705 3247 totam.
727 3195 939 3248 versari
971 3197 1341 3265 quaestionem
1370 3199 1424 3250 in
1454 3197 1582 3250 lana
1613 3199 1866 3273 caprina,
1898 3198 1985 3252 hic

192 3292 312 3329 cum
343 3278 411 3332 cl.
441 3277 495 3332 J.
520 3277 764 3334 Perrone
787 3277 852 3336 S.
875 3279 932 3334 J.
959 3278 1393 3336 Praelectionum
1426 3283 1535 3337 vol.
1560 3281 1713 3337 VIII.
1735 3282 1814 3338 ,de
1847 3285 1984 3339 locis

190 3360 357 3417 theol.
389 3381 455 3436 Vp.
479 3363 524 3418 I.
570 3383 617 3420 c.
649 3364 745 3419 111.
791 3363 841 3438 ἕ.
874 3367 1019 3422 621.
1067 3368 1239 3422 obiter
1281 3384 1598 3444 monemus7
1658 3372 1983 3426 controver-

193 3447 326 3505 siam
360 3450 572 3522 ¹agitari
614 3451 682 3506 de
728 3454 1153 3524 praeeminentia
1185 3470 1290 3509 non
1336 3453 1500 3529 dubii,
1546 3454 1644 3509 sed
1690 3457 1844 3531 certi,
1890 3456 1983 3510 le-
