2326 3854
945 120 1610 181 ——154—

347 285 517 340 sarius
552 296 660 352 est,
711 295 765 342 ut
803 286 1116 351 declaretur,
1165 303 1283 341 num
1320 285 1541 350 Patre5‚
1589 288 1673 359 qui
1723 288 2027 349 definitivum
2069 291 2201 363 judi-

348 374 475 428 cium
514 373 764 439 tulerunt,
801 371 1024 444 legitime
1063 372 1327 428 convocati
1364 373 1439 429 ita
1477 393 1534 429 se
1571 375 1854 447 gesserint,
1890 385 1946 429 ut
1979 375 2080 436 diei
2116 377 2201 432 de·

344 461 498 515 beant
534 469 923 533 repraesentare
961 457 1120 516 totam
1155 459 1460 526 Ecclesiam2
1532 461 1611 517 Ita
1646 461 1911 520 Ecclesiae
1947 462 2203 534 dispersae

347 566 625 603 consensus
681 546 995 619 Apostolicis
1052 548 1423 605 definitionibus
1481 550 1679 607 additus
1747 551 1800 606 vi
1860 559 2001 605 caret
2054 550 2202 622 plane

346 637 576 693 coactiva
619 645 672 691 et
713 635 1086 706 peremptoria,
1130 655 1260 707 quae
1297 637 1539 709 judicium
1587 638 1812 693 ultimum
1859 637 2052 709 pariat,
2102 637 2204 703 nisi

345 725 549 780 accedat
577 721 817 795 judicium
855 720 1122 785 Ecclesiae
1171 723 1223 781 in
1279 725 1508 795 generali
1553 726 1751 799 synodo
1797 726 2046 782 adunatae
2081 744 2202 782 con-

344 810 600 877 sentiens3
665 808 909 880 simulque
976 811 1226 882 judicium.
1266 810 1536 868 Ecclesiae
1585 813 1640 866 in
1707 813 1937 885 generali
1993 812 2204 871 concilio

343 898 596 952 adunatae
633 896 964 954 consentiens
1012 916 1124 953 eam
1161 898 1404 956 vimnau
1451 898 1678 964 obtinet,
1733 899 1832 959 nisi
1876 899 2203 970 subsequenti

340 984 606 1041 Ecclesiae
668 985 928 1057 dispersae
984 1003 1259 1052 consensu.
1294 985 1459 1058 ipsum
1508 985 1770 1042 concilium
1825 985 2103 1057 legitimum
2153 997 2205 1043 et

338 1073 562 1146 legitime
600 1091 658 1127 se
694 1071 922 1145 gessisse
969 1071 1324 1143 dignoscatum
1382 1091 1513 1144 quae
1559 1073 1805 1144 quomodo
1855 1082 1972 1145 apte
2020 1091 2203 1142 conve-

341 1161 503 1227 niant‚
540 1159 833 1218 Febronius
870 1160 1072 1217 viderit.
1151 1151 1363 1228 Quanto.
1399 1160 1755 1219 cohaerentius
1790 1160 1877 1215 alii
1915 1178 1995 1222 ex..
2023 1161 2203 1219 adver-

345 1247 500 1303 sariis
537 1246 776 1321 utrinque
813 1247 918 1303 vim
967 1248 1359 1320 peremptoriam
1407 1248 1657 1306 deducunt
1702 1266 1775 1305 ex
1812 1267 2074 1304 consensu.
2091 1246 2203 1309 ,Ec-

340 1335 527 1391 clesiae
563 1335 674 1392 sive
710 1335 991 1408 dispersae,
1028 1335 1140 1391 sive
1176 1335 1427 1393 adunatae
1462 1335 1518 1392 in
1555 1335 1784 1406 generali
1821 1335 2052 1403 concilio,
2091 1354 2200 1391 cum

340 1441 442 1476 non
498 1422 743 1478 minorem
798 1421 1177 1480 auctoritatem.
1210 1422 1394 1479 habeat
1445 1420 1681 1483 Ecclesia
1734 1423 1995 1495 dispersa,
2046 1442 2197 1494 v‚quam

263 1580 265 1582 Ι
340 1519 519 1564 coacta
552 1510 608 1565 in
653 1509 868 1565 concilio
914 1509 1268 1575 oecumenica,
1317 1510 1450 1580 quod
1487 1509 1650 1583 ipsam
1686 1507 1967 1570 Ecclesiam
2006 1510 2200 1582 dispor-

339 1616 450 1652 sam
487 1598 880 1671 repraesentat?
916 1636 931 1650 η.
1277 1640 1281 1649 ..
2171 1649 2175 1652 .

483 1684 537 1739 6.
614 1684 806 1741 Verius
830 1694 1012 1741 ¹autem
1051 1683 1319 1741 Romanae
1357 1683 1677 1742 auctoritatis
1701 1684 1936 1755 ‘vindices
1971 1684 2193 1757 Aposto-

337 1772 446 1827 licis
484 1770 857 1829 definitionibus
906 1772 1185 1829 absolutam
1233 1772 1513 1829 coactivam
1561 1790 1622 1827 ac
1674 1772 2063 1844 peremptoriam
2099 1771 2199 1828 vim

336 1860 567 1915 tribuunt
601 1859 803 1916 ratione
838 1860 1116 1934 primatus,
1161 1869 1218 1916 ut
1256 1879 1322 1916 ne
1359 1861 1419 1915 ad
1459 1860 1599 1921 hanc.
1626 1859 1728 1916 vim
1765 1860 2198 1919 exerendam-as-

338 1966 493 2002 sensu
536 1945 805 2003 Ecclesiae
852 1948 963 2003 sive
1010 1948 1303 2020 dispersae,
1361 1947 1472 2005 sive
1500 1947 1578 2002 in
1624 1947 1951 2007 oeciunenica
2000 1947 2195 2020 synodo

340 2035 591 2089 adunatae
627 2034 918 2106 indigeant:
967 2052 1063 2088 nec
1095 2034 1324 2106 ¹ipsorum
1361 2033 1687 2088 conciliorum
1723 2033 2039 2105 generalium
2061 2034 2195 2092 'defi-

337 2121 558 2178 nitiones
610 2121 783 2178 eadem
810 2121 884 2177 ⁴vi
931 2133 1110 2178 carere
1159 2119 1476 2187 inficiantur,
1537 2121 1799 2180 dummodo
1847 2120 1972 2193 ipsis
2020 2138 2194 2175 acces-

335 2209 466 2266 serit
501 2207 651 2266 Sedis
686 2208 1021 2281 Apostolicae
1067 2225 1309 2265 assensus
1355 2226 1448 2262 seu
1493 2207 1839 2264 confirmatio:
1894 2226 1994 2278 qua
2041 2208 2101 2263 de
2139 2226 2196 2263 re

335 2297 450 2352 vide
487 2315 618 2368 quae
655 2295 802 2352 attuli
838 2295 966 2351 libro
1002 2294 1344 2368 praecedenti,
1380 2297 1471 2349 De
1501 2303 1774 2366 potestate
1811 2297 2199 2354 Ecclesiastiea

338 2385 534 2456 Papae
555 2392 627 2442 xet
660 2386 1019 2441 conciliorum
1049 2385 1391 2454 ⁸qenai-alium
1429 2401 1540 2455 cap,
1581 2384 1633 2436 2.
1673 2383 1722 2452 ἕ.
1762 2384 1813 2440 2.
1890 2382 2194 2449 Fabi-onius,

334 2472 422 2542 qui
457 2472 606 2544 hujus
623 2522 625 2525 .
644 2489 886 2528 assensus
925 2480 1013 2527 aut
1044 2470 1445 2528 confirmationis
1469 2469 1803 2542 Apostolicae
1837 2471 2195 2531 necessitatem

335 2570 510 2630 negat,
549 2570 602 2617 et
622 2578 831 2616 rmerum
856 2558 1192 2631 praesidendi,
1231 2557 1544 2630 proponendi
1580 2566 1632 2613 et
1656 2558 1944 2627 exequendi
1970 2557 2195 2618 ,officium

300 2646 545 2706 ‚summis
581 2645 912 2703 Pontificibus
958 2632 1180 2700 vindicat
1217 2643 1376 2717 (quae
1413 2644 1542 2700 meri
1581 2643 1777 2702 ordinis
1815 2654 1879 2710 *et
1927 2644 2192 2702 executio·

333 2734 415 2788 nis
452 2742 572 2788 sunt
622 2732 897 2805 munera):
947 2732 1079 2787 haud
1127 2731 1303 2801 video,
1353 2732 1601 2802 quodnam
1641 2733 1727 2804 jus
1774 2732 2092 2804 praecipuum
2135 2731 2194 2788 in

333 2821 549 2877 materia
582 2820 699 2878 fidei
734 2821 981 2893 primatus
1008 2819 1274 2892 'proprium
1313 2829 1524 2885 statuat,
1562 2838 1660 2890 quo
1700 2818 1998 2896 praecipuae
2032 2819 2193 2892 juris-

333 2907 598 2977 dictionis,
637 2926 741 2961 non
777 2917 948 2963 autem
986 2907 1114 2964 meri
1145 2906 1359 2965 honoris
1397 2917 1448 2965 et
1479 2907 1681 2966 ‚ordinis
1717 2907 1961 2980 primatus
1998 2907 2191 2965 consti-

333 3006 533 3066 ,maim-2
614 2992 815 3063 Quodsi
867 3013 949 3056 ex„
989 2994 1210 3051 dicendis
1264 3007 1444 3068 postea
1498 2995 1624 3053 nihil
1677 3013 1876 3066 quoque
1922 2993 2190 3066 peculiaris

333 3083 549 3141 coactivi
577 3083 712 3156 juris
751 3082 989 3156 primatui
1027 3093 1228 3137 asserat
1263 3082 1318 3137 in
1355 3083 1583 3138 materiis
1621 3082 1936 3154 discipliuae,
1987 3082 2078 3143 sed
2105 3083 2188 3153 jus

334 3190 504 3226 merae
539 3170 898 3243 inspectioni8‚
916 3169 1226 3239 .*directorii‚
1267 3170 1592 3228 executionis
1619 3188 1886 3237 canonum,
1925 3169 2189 3224 coercitio-

333 3258 413 3313 nis
460 3258 852 3330 delinquentium
906 3268 961 3315 et
1010 3257 1222 3325 similia,
1272 3275 1402 3328 quae
1451 3259 1513 3312 ad
1561 3257 1799 3318 honorem
1860 3267 1912 3312 et
1960 3257 2185 3316 ordinem

334 3346 501 3418 potius
517 3387 532 3412 ,
580 3366 730 3418 quam
790 3346 852 3402 ad
901 3346 1202 3419 peculiarem
1250 3345 1654 3417 jurisdictionem
1703 3344 1939 3417 primatui
1988 3363 2185 3418 compe-

334 3434 494 3487 tentia
532 3436 848 3507 referuutur3
889 3435 1043 3493 mul-to
1080 3433 1247 3505 magis
1280 3432 1471 3505 patebit
1507 3429 1667 3504 ipsum
1697 3442 1800 3486 tum
1840 3433 1893 3488 in
1931 3433 2051 3498 fide,¹
2081 3442 2183 3490 tum
