2326 3854
910 160 1572 217 ——240—

313 330 462 370 Claves
492 328 712 371 Ecclesiae
745 341 820 381 pro
853 333 1066 382 potestate
1097 330 1405 371 Ecclesiastica
1437 343 1518 383 quo
1552 344 1676 373 sensu
1709 332 1904 374 dicantur
1934 336 2058 378 datae
2078 339 2161 380 Ec-

370 390 539 430 clesiae.
572 386 615 432 8.
650 387 692 434 9.
731 387 800 434 10,
864 390 1022 434 Quibus
1053 390 1239 431 traditae
1271 404 1298 431 a
1328 391 1513 435 Christo.
1553 388 1649 436 160.
1711 395 1757 435 V.
1790 394 2047 438 Iuris-dictio
2079 399 2162 441 Ec-

371 450 634 492 clesiascica.

307 510 420 550 Cleri
453 511 661 552 Gallicani
694 509 878 549 Comitia
907 521 948 549 a.
984 504 1115 551 1728.
1149 510 1338 551 laudata.
1370 507 1443 555 22,

307 572 615 611 Communionis
647 570 881 609 necessitas
913 582 1003 611 cum
1036 570 1137 611 sede
1166 572 1427 624 Apostolica.
1460 567 1565 615 211,

307 632 486 671 Concilii
507 631 611 673 VIII.
643 630 854 681 generalis
887 642 1040 678 canon,
1075 643 1155 683 quo
1188 633 1390 672 statuitur
1420 631 1521 684 quid
1552 631 1757 684 agendum
1789 634 1829 674 in
1862 639 2163 679 controversiis

368 704 460 732 cum
489 692 678 731 Romano
709 690 930 734 Pontifice.
962 685 1036 733 71.
1097 693 1294 733 Bossueti
1328 693 1552 746 explicatio
1586 698 1808 745 expuncta.
1847 690 1920 736 72.

306 752 498 792 Concilia
530 751 808 850 Ogilentalium
841 763 893 791 ex
923 751 1230 805 approbatione
1254 753 1534 794 Romanorum
1553 753 1799 795 Pontificum
1834 762 2058 799 evaserunt
2090 771 2162 811 ge-

365 811 528 852 neralia
561 839 572 851 .
624 841 634 851 .

304 872 485 912 Concilii
515 871 724 923 generalis
757 871 874 912 notio
907 883 958 911 ac
986 873 1155 912 natura.
1190 864 1265 916 53.
1302 867 1401 913 137.
1462 873 1579 925 Papa
1611 885 1732 925 quam
1760 877 2024 917 necessarius
2056 881 2162 920 tam-

363 944 488 984 quam
520 934 659 984 caput,
692 935 751 972 ut]
770 933 953 973 concilia
984 933 1070 973 sint
1100 932 1331 984 generalia.
1363 927 1438 973 53.
1470 934 1570 976 cur.
1591 928 1666 974 89.
1699 946 1783 975 non
1809 937 1862 976 ob
1884 941 2161 990 praesentiam

361 995 539 1044 tantum,
572 992 647 1032 sed
681 992 808 1033 etiam
839 992 893 1032 ob
927 992 1201 1033 directionem
1233 996 1276 1033 et
1305 1005 1536 1034 assensum.
1569 988 1642 1034 55.

302 1053 497 1093 Consilia
527 1053 744 1104 generalia
773 1065 800 1092 a
832 1056 913 1106 quo
947 1052 1236 1096 convocanda.
1268 1047 1343 1094 86.
1407 1055 1586 1100 Quinam
1618 1054 1846 1096 convenire
1877 1056 2081 1105 debeant,
2114 1064 2161 1102 ut

363 1114 587 1155 concilium
618 1114 676 1153 sit
707 1114 1033 1156 oecumenicum.
1076 1109 1151 1155 88.
1221 1114 1285 1154 De
1308 1114 1406 1164 jure
1438 1115 1720 1166 etqualitate
1760 1115 1951 1170 suffragii
1983 1118 2161 1172 Episco-

363 1186 511 1226 porum
541 1187 592 1214 ac
622 1175 766 1226 Papae
796 1174 840 1214 iu
871 1175 1052 1222 concilio
1085 1174 1288 1226 generali.
1321 1169 1397 1217 90.
1459 1175 1554 1215 Nec
1583 1176 1914 1230 soliusPapae,
1948 1191 2028 1219 nec
2057 1179 2161 1232 Epi-

362 1246 584 1287 scoporum
614 1237 776 1275 tantum
806 1233 1011 1287 suffragia
1043 1234 1307 1274 constituunt
1338 1236 1591 1276 sententiam
1623 1239 1698 1296 apt
1720 1235 2021 1293 definitionem,
2052 1252 2160 1292 quae

363 1295 610 1348 constituat,
643 1298 687 1335 et
716 1295 775 1334 sit
805 1297 1030 1347 sententia,
1061 1298 1136 1335 aut
1167 1294 1359 1336 definitio
1393 1297 1563 1335 concilii
1585 1298 1856 1341 oecumenici.
1890 1294 1962 1340 38.
2012 1301 2161 1341 Unitas

361 1360 405 1396 et
437 1367 668 1395 consensus
701 1355 844 1407 Papae
885 1367 978 1395 cum
1021 1355 1330 1407 Episcoporum
1371 1355 1584 1407 suffragiis
1623 1357 1736 1409 parit
1777 1358 1905 1398 robur
1944 1361 2158 1401 invictum.

359 1411 433 1457 40.
468 1409 543 1458 55.
607 1416 670 1456 De
701 1416 961 1455 necessitate
992 1404 1347 1464 confirmationis,
1394 1428 1467 1455 seu
1500 1428 1698 1457 assensus
1727 1417 1906 1458 Romani
1939 1420 2158 1461 Pontificis

359 1477 414 1516 ad
447 1475 530 1515 vim
562 1479 605 1515 et
645 1475 990 1516 infallibilitatem
1030 1474 1318 1516 definitionum
1350 1475 1476 1530 fidei,
1517 1489 1623 1528 quae
1654 1477 1698 1516 in
1729 1479 1920 1518 conciliis
1960 1480 2158 1522 eduntur.

358 1532 433 1580 40.
495 1537 580 1576 Cur
619 1537 861 1577 necessaria
894 1535 1090 1588 judicata
1133 1535 1213 1576 fuit
1253 1548 1453 1588 expressa
1494 1539 1536 1576 et
1575 1548 1688 1578 nova
1717 1537 1982 1580 confirmatio
2013 1541 2159 1594 Papae

359 1597 518 1638 Leonis
548 1607 625 1649 pro
660 1595 909 1637 definitione
938 1595 1298 1648 Chalcedonensi,
1329 1597 1432 1639 licet
1463 1608 1516 1638 ex
1547 1597 1644 1638 aliis
1675 1598 1808 1649 gestis
1841 1598 1894 1640 de
1925 1612 1978 1640 ea
2008 1600 2157 1642 confir-

357 1658 544 1698 matione
576 1657 763 1696 dubitari
795 1669 879 1697 non
909 1660 1070 1709 posset.
1101 1652 1175 1697 41.
1199 1660 1297 1701 not.
1323 1653 1364 1697 1.

298 1718 585 1759 conciliorum
616 1717 879 1758 confirmatio
912 1716 1135 1758 Pontificia
1173 1718 1309 1770 tribus
1348 1717 1484 1758 modis
1515 1716 1640 1765 data,
1685 1719 1748 1759 vel
1781 1717 1835 1758 ab
1865 1717 1958 1772 ipso
1999 1733 2155 1763 summo

357 1778 570 1821 Pontifice
601 1790 677 1831 per
707 1791 782 1829 se,
816 1778 883 1818 vel
913 1790 990 1830 per
1017 1779 1204 1830 legatos,
1235 1778 1303 1818 vel
1333 1790 1411 1831 per
1441 1778 1610 1819 litteras
1642 1779 1988 1824 confirmationis.
2020 1777 2095 1824 41.

296 1840 579 1880 Conciliorum
609 1839 868 1891 generalium
898 1838 1063 1878 utilitas
1094 1851 1202 1891 quae
1234 1841 1278 1878 et
1310 1838 1492 1891 quando.
1522 1833 1629 1882 235.
1689 1841 1918 1881 Sententia
1937 1841 1992 1881 de
2010 1845 2158 1883 ancto-

357 1902 489 1941 ritate
528 1900 801 1940 conciliorum
840 1899 1098 1951 generalium
1136 1911 1263 1951 supra
1305 1899 1464 1951 Papam
1511 1899 1892 1943 contradictionem
1939 1902 2158 1954 quamdam

357 1960 549 2002 involvit.
590 1955 689 2000 137.
731 1971 853 2012 quam
885 1971 983 2000 sero
1015 1958 1211 2008 inducta,
1243 1962 1286 1999 et
1317 1972 1401 2012 qua
1433 1961 1658 2002 occasione
1687 1956 1761 2004 66.
1794 1964 1839 2001 et
1869 1974 1988 2014 seqq.
2049 1963 2156 2004 Sen-

356 2022 494 2062 tentia
526 2021 634 2060 hanc
663 2020 936 2061 conciliorum
967 2020 1309 2072 superioritatem
1340 2031 1524 2072 negans,
1557 2020 1612 2061 ad
1643 2024 1823 2073 quatuor
1852 2023 2061 2076 principia
2089 2035 2153 2063 re-

360 2084 563 2132 vocatur,
594 2093 702 2133 quae
733 2081 1136 2121 demonstrationem
1166 2080 1384 2132 quamdam
1406 2081 1695 2122 constituunt.
1733 2077 1833 2122 137.

247 2160 270 2170 ι
295 2140 529 2182 Concilium
561 2141 760 2192 generale
790 2142 950 2193 Papam
977 2141 1242 2192 superiorem
1267 2141 1482 2192 agnoscit.
1514 2134 1589 2180 52.

294 2200 579 2245 Conciliorum
611 2201 871 2253 generalium
900 2204 1093 2253 potestas
1123 2201 1167 2240 in
1197 2201 1385 2240 materiis
1416 2200 1530 2242 fidei.
1563 2195 1639 2244 36.
1701 2200 1884 2240 concilii
1909 2199 2156 2253 Hierosoly-

354 2262 503 2304 mitani
534 2262 766 2313 exemplum
798 2261 1048 2314 explicatur.
1080 2255 1155 2303 31.
1218 2262 1432 2305 Quaenam
1455 2261 1664 2302 dissensio
1697 2261 1742 2300 in
1762 2260 1828 2301 his
1847 2261 2036 2301 materiis
2057 2273 2155 2313 pos-

355 2324 412 2364 sit
442 2323 693 2374 contingere
725 2322 839 2363 inter
871 2322 1028 2374 Papam
1060 2324 1106 2362 et
1125 2320 1364 2373 Episcopos
1387 2321 1568 2361 Concilii
1600 2321 1874 2364 oecumenici.
1907 2315 1983 2362 36.
2035 2321 2154 2362 Nun-

354 2396 478 2435 quam
507 2383 618 2423 inter
650 2382 765 2434 ipsos
797 2382 1013 2422 dissensus
1044 2382 1125 2422 fuit
1147 2385 1221 2422 aut
1253 2394 1348 2422 esse
1380 2381 1520 2433 potuit
1541 2380 1779 2422 definiendo
1810 2380 1911 2421 fidei
1939 2381 2150 2433 dogmata.

354 2439 429 2484 37.
478 2445 655 2495 Semper
668 2444 820 2483 Patres
852 2443 1021 2484 concilii
1055 2443 1266 2493 generalis
1293 2441 1620 2494 concordabunt,
1653 2445 1698 2482 et
1728 2442 2039 2483 concordarunt
2060 2453 2151 2482 cum

353 2503 602 2544 definitione
631 2504 800 2555 Papae,
836 2504 916 2543 nisi
949 2503 1069 2543 dolus
1099 2506 1174 2543 aut
1206 2502 1271 2542 vis
1303 2502 1559 2555 impediant3
1593 2514 1675 2554 qno
1707 2514 1808 2543 casu
1840 2513 1922 2543 uon
1954 2505 2020 2542 est
2052 2514 2152 2543 con-

353 2565 519 2614 cilium,
551 2563 626 2603 sed
659 2564 992 2604 conciliabulum.
1035 2562 1142 2603 Ibid.
1203 2563 1251 2603 In
1283 2563 1462 2603 concilio
1493 2562 1543 2605 V.
1576 2562 1794 2603 discordia
1822 2562 1994 2606 Patrum
2025 2574 2053 2602 a
2082 2563 2151 2605 Vi-

353 2626 455 2676 gilio
472 2626 590 2722 Pq3pa
622 2635 704 2663 non
737 2624 816 2664 fuit
849 2623 1064 2664 discordia
1094 2623 1139 2663 in
1169 2623 1348 2667 materia
1368 2622 1484 2673 fidei,
1515 2623 1591 2667 sed
1621 2624 1666 2664 in
1688 2623 1938 2674 quaestione
1967 2621 2021 2662 de
2052 2633 2150 2674 per-

354 2685 486 2724 sonis.
551 2679 593 2723 7.
627 2687 717 2723 not.
739 2680 779 2723 1.
1477 2719 1479 2721 ,
2133 2697 2136 2702 ’

292 2745 577 2786 Conciliorum
607 2743 865 2794 generalium
895 2754 1078 2782 canones
1108 2743 1150 2782 iu
1180 2742 1359 2782 materia
1388 2741 1652 2795 disciplinae,
1686 2741 1835 2793 quibus
1861 2742 1978 2794 Papa
2007 2753 2150 2782 assen-

352 2817 441 2845 sum
470 2804 688 2856 praebuit‚
737 2815 817 2855 quo
851 2814 976 2843 sensu
1008 2802 1198 2854 obligant
1227 2803 1360 2855 ipsum
1390 2803 1549 2855 Papam
1579 2814 1664 2842 non
1686 2804 1784 2854 jure
1817 2802 2034 2858 coactive,
2073 2802 2148 2843 sed

353 2865 575 2914 directim,
609 2863 720 2916 quod
752 2865 795 2903 iu
827 2863 1009 2904 naturali
1040 2876 1092 2903 ac
1123 2863 1265 2903 divino
1289 2864 1386 2914 jure
1417 2863 1631 2906 fundatur.
1663 2857 1737 2905 44.
1801 2862 1881 2907 Qui
1902 2856 2051 2908 carent
2082 2874 2149 2902 as-

352 2937 477 2965 sensu
507 2924 673 2978 Papae,
716 2935 800 2964 non
832 2923 989 2964 habent
1018 2925 1100 2963 vim
1131 2918 1342 2975 generalis
1373 2917 1662 2973 concilii.⁴50.
1722 2922 1786 2963 De
1818 2919 2147 2963 Chalcedonensi

353 2997 536 3031 canone,
586 2996 706 3036 quem
747 2985 792 3025 S.
826 2985 916 3025 Leo
960 2983 1219 3036 reprobavit.
1259 2983 1339 3026 Ibi.
1410 2983 1503 3024 Duo
1533 2983 1732 3024 Bossueti
1755 2981 1934 3034 ‘effugia
1972 2978 2146 3038 reiecta.

353 3047 429 3086 lbi.
490 3046 554 3086 De
586 3045 843 3085 necessitate
884 3044 1204 3096 approbationis
1233 3042 1486 3084 Pontificiae
1527 3044 1571 3083 in
1612 3043 1843 3083 canonibus
1883 3042 2144 3095 disciplinae.

351 3101 425 3146 53.
459 3110 501 3146 et
533 3111 678 3157 seqq.'
716 3104 763 3144 In
794 3104 1127 3145 Chalcedonensi
1159 3103 1413 3156 approbatio
1445 3107 1667 3144 reservata
1697 3102 1776 3144 fuit
1806 3103 1962 3160 Papae,
1995 3103 2145 3142 Anato-

353 3168 408 3206 lio
431 3167 514 3206 CP.
547 3170 672 3206 teste.
706 3159 778 3206 52.
841 3165 1022 3205 Comitia
1043 3165 1264 3205 Gallicana
1294 3164 1393 3204 anni
1420 3159 1550 3204 1681.
1583 3162 1934 3203 confirmationem
1965 3162 2147 3214 Aposto-

352 3228 475 3267 licam
505 3226 790 3267 necessariam
821 3225 1078 3277 praeferunt.
1119 3219 1195 3265 58.
1257 3225 1368 3264 Num
1399 3225 1641 3264 necessaria
1671 3222 1930 3263 admittenda
1961 3225 2017 3263 sit
2048 3234 2145 3279 con-

353 3288 439 3327 cilii
473 3287 684 3338 generalis
714 3287 950 3326 auctoritas
983 3297 1111 3337 supra
1141 3285 1298 3337 Papam
1328 3285 1477 3324 saltem
1511 3285 1555 3324 in
1589 3284 1753 3324 casibus
1783 3282 2141 3330 extraordinariis,

355 3349 424 3399 qni
457 3347 723 3387 nominantur
753 3347 795 3386 in
829 3346 1011 3386 decretis
1042 3345 1452 3385 Constantiensibus.
1491 3339 1604 3386 117.
1683 3358 1686 3363 “
1723 3355 1725 3357 ·

292 3408 481 3447 Concilia
512 3407 783 3459 particularia
814 3418 865 3446 ex
886 3406 1202 3447 constantiensi
1233 3406 1387 3446 nullum
1413 3406 1498 3456 jiis,
1531 3404 1785 3458 potestatem
1817 3403 1970 3442 nullam
1990 3401 2144 3442 habent

351 3478 479 3518 supra
508 3466 768 3509 Pontificem.
801 3467 936 3509 XXII.
969 3460 1043 3510 61.
1075 3460 1146 3507 73.
1211 3466 1323 3510 Quid
1353 3465 1390 3506 si
1413 3466 1530 3517 Papa
1560 3476 1608 3503 se
1640 3463 1796 3503 eisdem
1826 3463 2044 3514 subjiciat.
2069 3457 2142 3502 74.

292 3527 575 3567 Conciliorum
606 3526 925 3580 provincialium
957 3526 1131 3577 antiqua
1159 3528 1349 3578 potestas
1380 3536 1479 3572 cur,
1524 3527 1568 3564 et
1601 3535 1721 3576 quam
1752 3535 1887 3574 aeque
1928 3523 2141 3565 restricta.
