2326 3854
367 271 464 323 etsi
500 269 874 325 distinctionem
900 269 1206 323 distributivi
1231 279 1283 321 et
1309 268 1558 322 collectivi
1585 270 1766 334 alicubi
1790 270 2009 342 ingerit,
2049 283 2220 327 tamen

365 358 417 410 in
467 359 805 428 Defensione
870 357 956 409 lib.
1009 355 1095 409 10.
1155 356 1220 408 al.
1278 355 1363 409 15.
1418 374 1461 409 c.
1511 356 1563 407 5.
1624 354 1888 411 Romanos
1944 357 2219 414 Pontifices

363 450 646 500 universae
686 446 965 499 Ecclesiae
1003 462 1264 512 praeesse
1315 443 1567 497 affirmare
1616 462 1719 496 non
1769 444 2055 513 dubitavitr
2090 449 2221 521 quod

365 553 433 587 ex
486 533 805 603 antiquorum
854 530 1069 583 formula
1127 530 1472 601 communique
1523 549 1676 584 sensu
1725 541 1887 585 totam
1933 531 2219 588 EccleSiam

366 619 624 675 collective
664 624 921 689 acceptam
959 618 1182 672 denotat.

511 707 596 759 11.
674 704 929 759 Audirem
957 705 1192 772 libenter,
1229 707 1478 760 undenam
1505 707 1786 762 adversarii
1823 708 2221 782 colligantpro-

363 796 607 863 bentque,
655 790 976 846 Pontificium
1008 795 1122 866 JUS,
1173 794 1303 864 quod
1340 812 1532 865 negare
1571 804 1828 865 nequeunt
1876 795 1929 848 in
1979 798 2222 868 singulos,

363 899 466 933 non
504 896 662 950 aeque
699 897 851 952 posse
888 879 991 935 vim
1030 899 1172 950 suam
1219 879 1274 934 in
1322 899 1498 934 omnes
1547 880 1600 933 in
1649 882 1970 939 oecumenica
2024 885 2221 957 synodo

363 969 601 1022 collectos
641 986 878 1021 exerere.
957 966 1145 1022 Dicent
1192 968 1428 1022 fortassis
1478 986 1548 1022 ex
1596 977 1782 1021 natura
1831 971 2029 1025 concilii
2065 991 2222 1044 gene-

362 1055 515 1122 ralis,
571 1055 624 1108 in
674 1068 770 1127 quo
817 1065 978 1108 totum
1008 1058 1094 1129 jus
1132 1053 1396 1110 Ecclesiae
1443 1055 1663 1109 residet?
1739 1051 1842 1122 Qui
1878 1056 1929 1111 id
1966 1069 2222 1117 assereret

363 1142 575 1197 concilio
614 1145 846 1215 sejuncto
898 1162 930 1196 a
969 1143 1161 1216 capite,
1214 1143 1294 1197 cui
1331 1142 1529 1197 scilicet
1561 1151 1708 1214 caput
1745 1160 1849 1195 non
1893 1145 2102 1215 praebet
2137 1164 2221 1200 as-

364 1249 598 1300 sensum,
650 1230 912 1303 principii,
969 1231 1100 1301 quod
1150 1241 1398 1302 negatur,
1461 1240 1512 1284 et
1559 1229 1612 1281 in
1662 1231 2010 1300 quaestionem
2062 1232 2221 1302 venit,

359 1318 616 1384 vitiosam,
653 1328 712 1371 ut
748 1328 951 1384 vocant,
989 1318 1284 1391 petitionem
1318 1317 1631 1384 incurreret3
1673 1317 1887 1372 decretis
1915 1319 2046 1373 enim
2075 1320 2222 1374 editis

361 1403 474 1460 sine
512 1423 728 1460 assensu
765 1405 962 1478 capitiS‚
1002 1405 1200 1459 concilii
1235 1403 1492 1476 generalis
1528 1404 1631 1459 vim
1670 1415 1721 1458 et
1754 1399 2110 1460 auctoritatem
2135 1407 2221 1460 de-

360 1492 633 1562 traximuS,
674 1493 854 1566 quippe
893 1511 1054 1564 quam2
1079 1493 1203 1565 ipsis
1243 1491 1557 1548 adversariis
1596 1492 1890 1546 docentibus
1929 1494 2079 1548 sitam
2105 1513 2220 1548 esse

359 1580 573 1635 vidimus
618 1580 671 1633 in
721 1599 976 1639 consensu
1022 1581 1388 1644 membrorum,
1448 1597 1538 1631 seu
1589 1579 1818 1650 corporis
1854 1578 2220 1653 Episcoporum

360 1687 470 1722 cum
508 1668 688 1740 capite.
775 1667 914 1721 Num
966 1662 1038 1722 e'x
1087 1668 1198 1721 sola
1244 1666 1610 1722 convocatione
1656 1667 1910 1739 legitima,
1959 1667 2038 1721 cui
2075 1666 2221 1741 Papa

361 1773 603 1809 assensus
643 1755 737 1822 sit,
778 1756 1034 1827 generalis
1074 1756 1275 1830 concilii
1309 1756 1388 1810 vis
1427 1753 1670 1809 Patribus
1710 1755 1969 1810 collective
2008 1756 2219 1828 sum-ptis

358 1844 432 1896 ita
470 1843 776 1913 acquiritur,
826 1854 883 1896 ut
930 1844 1085 1898 etiam
1130 1843 1241 1897 sine
1274 1841 1457 1915 vcapitis
1496 1860 1736 1908 assensu,
1784 1843 1864 1898 vel
1903 1844 2070 1915 potius
2110 1863 2220 1898 cum

359 1931 608 1997 dissenSU,
646 1930 847 1983 illorum
885 1932 1088 1985 decreta
1118 1948 1295 1985 omnes
1331 1929 1593 2001 ipsumque
1620 1929 1920 1984 Pontificem
1958 1931 2219 2003 obligent?

358 2017 547 2072 Nonne
585 2018 847 2074 concilium
883 2016 1196 2090 Ephesinum
1233 2016 1297 2073 ΙΙ.
1339 2016 1704 2070 convocatione
1743 2017 2048 2089 legitimum,
2100 2020 2219 2073 defi-

359 2109 524 2160 ciente
565 2124 781 2159 assensu
818 2106 995 2178 capitis
1045 2106 1171 2159 nihil
1206 2105 1370 2178 potuit
1407 2122 1508 2156 non
1548 2104 1707 2156 solum
1746 2104 1798 2157 in
1837 2106 2050 2160 materia
2088 2107 2218 2172 fidei,

359 2195 449 2248 sed
485 2212 648 2264 neque
686 2194 740 2246 in
777 2194 986 2266 negotio
1038 2193 1368 2266 disciplinae?
1445 2190 1635 2245 Nonne
1674 2189 2088 2247 Chalcedonense
2129 2194 2220 2247 fuit

359 2282 580 2354 legitime
620 2284 988 2336 convocatum?
1067 2279 1175 2335 Cur
1214 2299 1337 2351 ergo
1379 2297 1540 2334 canon
1579 2279 1640 2332 de
1677 2281 2039 2352 praerogativa
2079 2278 2218 2335 Con-

359 2369 842 2441 stantinopolitanae
881 2368 1033 2438 sediS,
1073 2368 1152 2423 cui
1183 2366 1328 2440 Papa
1365 2386 1608 2421 assensus
1646 2385 1750 2421 non
1788 2378 1884 2433 est,
1921 2368 2024 2424 vim
2062 2387 2218 2440 gene·

358 2458 481 2510 ralis
521 2457 723 2529 synodi,
762 2475 881 2527 quas,
898 2454 1127 2510 Leonem
1168 2465 1407 2528 cogeret,
1448 2473 1520 2509 ex
1555 2455 1668 2526 ipsa
1704 2453 1933 2527 legitima
1970 2474 2218 2511 convoca-

357 2545 495 2597 tione
533 2563 636 2598 non
675 2553 754 2597 est
792 2545 1130 2597 consecutus?
1158 2539 1357 2594 Nonne
1393 2542 1490 2614 ipsi
1527 2541 1716 2595 Patres
1756 2541 2217 2605 chalcedonenses,

359 2629 818 2685 cum'Pontificiam
858 2629 1275 2702 approbationem
1311 2629 1614 2701 praesertim
1651 2648 1744 2701 pro
1785 2647 1844 2682 eo
1886 2647 2081 2683 canone
2120 2631 2217 2683 sol-

358 2718 496 2773 licite
533 2718 872 2790 postularunt,
912 2715 1171 2770 Pontificii
1197 2735 1438 2770 assensus
1464 2716 1822 2771 necessitatem
1859 2727 2216 2788 agnoscenteS‚

358 2806 520 2859 solam
558 2804 972 2859 convocationem
1021 2804 1296 2877 legitimam
1345 2805 1407 2858 ad
1443 2804 1545 2859 vim
1584 2795 1864 2858 coactivam
1902 2822 2217 2874 nequaquam

359 2893 591 2947 sufficere
627 2902 1076 2965 praesumpserunt
1089 2893 1113 2944 ’.Ρ
1126 2916 1128 2920 ·

437 3022 443 3023 ⁷
506 2981 592 3033 12.
670 2978 850 3041 Nemo*
877 2979 956 3033 hic
995 2980 1131 3033 omni
1170 2980 1266 3034 alio
1307 2979 1528 3033 subsidio
1568 2979 1866 3043 destitutus,
1915 2988 1969 3030 ut
2007 2978 2218 3031 suadeat

360 3087 390 3121 a
423 3067 745 3124 distributivo
786 3067 950 3121 minus
996 3078 1136 3121 recte
1184 3077 1535 3139 argumentum
1575 3066 1748 3119 deduci
1784 3066 1846 3118 ad
1884 3065 2214 3131 collectivum,

359 3156 646 3228 exemplum
684 3156 864 3209 afferat
913 3157 1051 3228 ejuS,
1104 3155 1190 3227 qui
1237 3165 1405 3227 potest
1443 3173 1543 3226 'per
1567 3193 1570 3196 ⁴
1591 3170 1647 3213 se
1698 3170 1932 3217 movere,
1966 3171 2043 3210 ,ac
2079 3154 2215 3206 ferre

358 3243 583 3315 singulos
632 3244 884 3315 cujusdam
932 3243 1102 3316 magni
1158 3243 1331 3298 acervi
1386 3241 1604 3313 lapideS,
1661 3258 1764 3292 non
1818 3248 1990 3293 tamen
2038 3258 2214 3294 omnes

360 3330 644 3397 collective3
694 3331 776 3385 vel
814 3332 947 3402 ejuS,
988 3331 1072 3403 qui
1108 3340 1275 3403 potest
1311 3329 1580 3402 pugnando
1621 3326 1846 3397 singulos
1888 3327 2061 3380 hostes
2098 3325 2211 3380 vin-

359 3435 505 3482 cere,
555 3436 657 3470 non
695 3428 866 3470 tamen
907 3418 1164 3472 collective
1202 3435 1378 3471 omnes
1426 3426 1520 3470 etc.
1585 3414 1774 3493 ‘Inepta
1823 3415 1956 3467 enim
1997 3431 2213 3486 ,prorsus
