2326 3854
704 228 1351 284 -—-169-——

127 399 266 451 nario
316 397 528 450 adscribi
578 405 778 465 queunt.
866 393 941 445 Ea
976 393 1155 463 igitur,
1213 409 1338 461 quae
1393 391 1509 443 data
1556 392 1818 445 occasione
1867 394 1927 444 ab

123 483 218 535 illis
263 492 408 553 gesta
452 481 662 536 vidimus
705 498 853 549 supra
898 478 1172 548 Episcopos
1219 486 1269 529 et
1320 476 1371 528 in
1418 474 1777 547 Episcoporum
1826 488 1927 530 tum

124 567 403 620 Occidentis
439 576 540 618 tum
579 565 800 617 Orientis
838 562 1169 627 dioecesibus,
1220 579 1327 614 cum
1362 558 1618 614 Ecclesiae
1654 563 1929 616 necessitas

124 654 204 707 vel
240 653 431 704 utilitas
467 649 759 722 postulavit,
816 649 874 699 ad
923 647 1220 700 ordinariam
1268 648 1505 716 primatus
1534 646 1928 718 jurisdictionem

123 738 374 808 pertinere
410 736 517 805 quis
554 734 806 804 ambigat?
843 760 845 762 ·

265 822 316 873 6.
389 821 440 872 Id
478 830 534 871 ut
571 819 748 871 clarius
800 819 1072 880 elucescat,
1128 816 1372 886 distingue
1409 816 1705 870 Pontificum
1742 817 1925 872 Roma-

123 925 294 958 norum
342 915 511 975 gesta,
561 922 685 972 quae
730 903 992 954 facultates
1042 901 1447 954 Patriarcharum
1500 912 1586 953 aut
1635 902 1929 975 Metropoli-

120 1001 279 1042 tarum
319 990 541 1060 proprias
597 987 866 1057 respiciunt
916 989 976 1039 ab
1022 987 1111 1052 iis,
1159 1005 1283 1055 quae
1322 987 1380 1038 ad
1418 985 1742 1059 Episcopales
1779 991 1931 1043 facul-

120 1085 250 1127 tates
303 1077 601 1127 referuntur.
687 1069 865 1137 Quoad
918 1071 1087 1141 priora
1136 1081 1281 1140 gesta
1340 1073 1652 1125 recolendum
1702 1075 1778 1127 hic
1834 1085 1928 1140 est,

121 1160 246 1228 quod
282 1160 428 1211 latius
467 1159 581 1211 alibi
620 1157 725 1229 (De
773 1165 951 1227 potest.
990 1154 1127 1208 Eccl.
1171 1173 1212 1207 c.
1251 1156 1298 1207 l.
1340 1166 1391 1207 et
1428 1157 1506 1222 2.)
1557 1158 1928 1228 explicavimus,

121 1245 277 1296 solum
315 1241 371 1295 S.
409 1242 616 1295 Petrum
644 1245 760 1312 jure
797 1239 1061 1312 primatus,
1111 1239 1193 1308 qui
1228 1241 1521 1310 praecipuae
1550 1242 1929 1310 jurisdictioniS,

122 1338 171 1381 et
207 1347 306 1380 non
343 1328 466 1380 meri
513 1327 716 1380 honoris
764 1335 814 1378 et
851 1325 1036 1377 ordinis
1083 1325 1321 1395 primatus
1358 1324 1476 1392 fuit,
1520 1344 1588 1378 ex
1628 1325 1816 1380 Christi
1853 1329 1929 1381 in-

120 1413 375 1465 stitutione
414 1413 623 1482 aliquam
660 1411 954 1482 peculiarem
995 1421 1045 1462 et
1083 1410 1379 1463 ordinariam
1411 1411 1803 1481 jurisdictionem
1843 1416 1929 1466 ob-

117 1498 326 1550 tinuisse
374 1515 523 1568 supra
569 1497 704 1567 ipsos
754 1495 904 1548 etiam.
936 1495 1239 1564 ApostoloS,
1296 1495 1561 1564 eodemque
1610 1496 1774 1551 divino
1815 1502 1930 1570 jure

119 1583 251 1635 inter
309 1581 584 1653 Episcopos
638 1581 991 1652 Apostolorum
1058 1595 1372 1633 successores
1438 1582 1594 1635 solum
1649 1581 1929 1636 Romantim

122 1667 430 1731 Pontificem,
469 1667 550 1735 qui
589 1665 744 1719 Petro
784 1665 1030 1729 succedit,
1068 1666 1268 1717 eandem
1308 1667 1602 1737 peculiarem
1643 1677 1693 1720 et
1731 1669 1930 1722 ordina-

121 1753 242 1805 riam
273 1752 662 1822 jurisdictionem
713 1769 860 1821 supra
913 1750 1036 1803 alios
1072 1749 1346 1822 Episcopos
1392 1751 1546 1804 fuisse
1595 1764 1926 1806 consecutum.

122 1837 222 1889 Alii
267 1838 492 1890 nimirum
538 1837 722 1906 gradus
758 1835 1049 1888 hierarchici
1085 1834 1489 1888 Patriarcharum
1542 1847 1591 1889 et
1638 1837 1931 1910 Metropoli-

120 1933 281 1975 tarum
346 1940 495 1993 supra
547 1921 819 1992 Episcopos
891 1921 1256 1991 patriarchatus
1320 1939 1377 1973 ac
1443 1922 1805 1992 provinciarum
1869 1928 1930 1977 ab

118 2007 378 2079 Apostolis
423 2007 503 2061 vel
558 2007 618 2058 ab
667 2005 896 2059 Ecclesia
959 2016 1132 2077 postea
1188 2005 1406 2058 instituti
1455 2006 1554 2078 (Ibi
1606 2026 1657 2060 n.
1697 2009 1780 2080 9.)
1829 2029 1928 2062 non

116 2102 284 2146 tamen
323 2093 432 2146 sine
469 2091 630 2161 aliquo
669 2090 813 2144 Petri
849 2100 934 2143 aut
971 2109 1313 2144 successorum
1351 2093 1456 2161 ejus
1504 2093 1780 2164 consensu)
1821 2113 1926 2147 cum

119 2177 220 2230 sint
264 2177 394 2248 juris
439 2176 812 2241 Ecclesiastici,
869 2195 970 2229 non
1030 2186 1296 2246 potuerunt
1353 2176 1608 2246 quicquam
1647 2180 1929 2249 praejudicii

121 2262 300 2314 afferre
335 2262 527 2315 divinae
562 2262 890 2314 institutionis
922 2261 1174 2339 primatui,
1211 2280 1303 2314 nec
1330 2262 1541 2327 efficere,
1579 2263 1694 2332 quin
1732 2281 1904 2318 succes

121 2364 260 2399 sores
299 2343 351 2398 S.
378 2345 521 2399 Petri
559 2347 726 2398 eodem
765 2346 933 2400 divino>
966 2356 1016 2398 et
1053 2345 1303 2402 ordinario
1334 2348 1449 2416 jure
1485 2365 1634 2417 supra
1656 2347 1930 2420 Episcopos

121 2433 421 2497 fruerentur,
461 2450 554 2500 quo
594 2432 729 2483 solus
767 2428 823 2483 S.
862 2430 1049 2483 Petrus
1089 2449 1157 2483 ex
1195 2431 1359 2485 divina
1396 2431 1708 2485 institutione
1746 2436 1930 2503 gaude-

119 2518 222 2568 bat.
299 2513 422 2568 Cum
460 2533 607 2586 porro
660 2515 705 2566 hi
743 2517 928 2585 gradus
975 2535 1033 2569 ea
1070 2518 1128 2568 de
1178 2534 1327 2568 causa
1376 2517 1560 2570 fuerint
1605 2518 1664 2569 ab
1702 2516 1931 2572 Ecclesia

119 2601 363 2665 instituti,
410 2601 523 2669 quia
559 2602 692 2653 solus
729 2600 785 2653 S.
826 2600 1037 2665 Petrus,
1089 2603 1289 2671 ejusque
1327 2602 1420 2654 soli
1467 2620 1784 2656 successores
1821 2604 1930 2656 Ro-

119 2686 255 2739 mani
291 2684 560 2739 Pontifices
597 2704 696 2738 non
731 2696 965 2756 poterant
1011 2687 1188 2756 ubique
1227 2687 1431 2751 adesse,
1483 2706 1573 2740 nec
1620 2706 1775 2757 aeque
1813 2709 1927 2760 pro-

121 2771 311 2865 spicere
347 2770 599 2834 omnibus,
648 2790 772 2839 quae
809 2771 1039 2841 legimini
1081 2781 1156 2823 tot
1192 2770 1547 2842 Episcoporum
1589 2783 1734 2841 atque
1773 2776 1929 2827 cccle-

122 2855 306 2906 siarum
360 2855 644 2906 necessaria
687 2865 845 2950 ’atque
896 2856 1033 2908 utilia
1099 2866 1239 2922 sunt,
1309 2856 1521 2908 instituti
1576 2860 1927 2925 quodammodo

122 2950 393 2992 noscuntur
446 2941 552 2992 loco
606 2939 761 3009 ipsius
809 2938 980 3004 Petri,
1030 2951 1083 2992 ut
1137 2959 1198 2993 ea
1252 2959 1402 3011 supra
1438 2940 1712 3014 Episcopos
1768 2963 1824 2998 ac
1879 2945 1931 2997 in

121 3043 289 3078 earum
333 3025 636 3077 dioecesibus
686 3035 972 3095 gerelent,
995 3043 1119 3093 quae
1156 3023 1212 3076 S.
1254 3024 1468 3093 Petrus,
1524 3027 1566 3078 si
1613 3029 1791 3097 ubique
1841 3049 1928 3100 po-

121 3109 299 3162 tuisset
336 3111 536 3174 adesse,
591 3110 912 3178 omnibusque
948 3128 1036 3180 per
1074 3128 1128 3162 se
1165 3110 1451 3180 providere,
1509 3112 1671 3165 divino
1711 3123 1760 3165 et
1797 3115 1930 3165 ordi—

123 3194 263 3245 nario
307 3195 383 3246 sui
431 3195 670 3264 primatus
711 3198 824 3265 jure
878 3213 1057 3264 gerere
1105 3204 1155 3246 ct
1203 3195 1462 3264 providere
1519 3197 1779 3265 potuisset.
1863 3198 1929 3249 lii

123 3278 275 3347 igitur
310 3278 602 3332 hierarchici
639 3281 820 3350 gradus
855 3279 1035 3331 inducti
1086 3280 1146 3331 ab
1182 3278 1408 3332 Ecclesia
1446 3299 1545 3332 nou
1583 3282 1643 3333 ob
1682 3282 1930 3335 infirman-

123 3364 232 3415 dum
270 3362 413 3415 Petri
441 3366 543 3434 jus,
581 3366 665 3417 sed
703 3366 764 3417 ob
802 3364 1113 3434 supplendum
1153 3365 1503 3433 quodammodo
1542 3364 1684 3418 Petri
1722 3367 1929 3421 officium

125 3466 183 3500 ac
218 3447 380 3510 viceS,
434 3446 746 3504 patriarchas
795 3459 844 3502 et
883 3448 1296 3520 Metropolitauos
1345 3450 1496 3503 veluti
1534 3449 1673 3503 Petri
1721 3451 1931 3506 vicarios
