2326 3854
898 169 1057 177 --
1159 109 1297 192 '212
1393 168 1565 176 ——-

299 304 465 358 stione
502 302 563 358 de
600 302 876 376 baptismo,
925 302 1069 372 quasi
1107 302 1152 355 is
1202 320 1400 373 quoque
1450 319 1540 355 eos
1589 300 1774 356 actuali
1811 305 2155 358 excommuni-

298 391 498 446 catione
548 390 611 444 ab
659 388 856 443 unitate
904 387 1260 460 praecidisset,
1307 387 1507 443 inutilia
1559 397 1708 454 sunt,
1755 407 1866 442 cum
1915 390 2041 444 falsa
2076 394 2156 447 vel

298 481 477 534 saltem
514 477 713 531 incerta
750 475 978 529 nitantur
1029 476 1318 549 hypothesi.
1373 473 1554 529 *Falsa
1606 475 1803 547 quidem
1842 478 2005 547 quoad
2042 475 2158 533 Ste-

296 568 515 640 phanum
533 605 547 629 ,
612 581 756 634 quem
822 562 875 615 in
935 559 1247 636 Cyprianum
1303 571 1613 635 ceterosque
1667 563 1944 618 Africanos
2009 574 2160 636 atque

297 651 625 727 Cappadoces
663 650 912 704 actualem
951 649 1528 705 excommunicationem
1547 690 1561 717 ,
1612 669 1760 721 quam
1798 651 2017 706 minatus
2054 653 2162 707 fue-

297 752 404 808 rat,
442 739 824 809 haudquaquam
861 736 1043 791 tulisse
1090 735 1216 789 satis
1264 738 1511 809 probasse
1564 737 1686 812 mihi
1720 736 1896 793 videor
1942 738 1996 792 in
2031 738 2160 793 libro

297 830 385 881 De
426 830 675 897 primatu
720 842 765 877 c.
809 823 897 878 13.
946 842 998 876 n.
1049 824 1138 878 53.
1196 821 1380 891 >Falsa
1422 842 1548 880 vero
1596 833 1684 877 aut
1731 826 1919 879 saltem
1963 825 2162 881 incerta

296 915 462 986 quoad
498 912 763 968 Victorem
801 910 1026 985 Papam,
1078 911 1163 983 qui
1211 911 1263 965 in
1315 911 1617 984 quaestione
1666 911 1746 969 de.
1782 911 1863 966 die
1902 913 2160 985 paschatis

296 1001 355 1057 S.
394 1000 610 1055 Irenaeo
649 1009 836 1072 agente
873 999 956 1054 vel
1002 1017 1106 1052 non
1154 997 1618 1055 excommunicavit
1657 998 1910 1067 Asianos,
1959 1010 2016 1054 ut
2050 1000 2162 1056 Va-

299 1089 453 1145 lesius
501 1087 687 1159 aliique
734 1086 1072 1153 contendunt,
1124 1087 1238 1158 vel,
1296 1086 1358 1160 sivv
1387 1085 1878 1153 excommunicavit,
1926 1087 2001 1142 ita
2036 1106 2162 1142 mox

297 1175 699 1231 communionem
748 1173 1001 1240 restituit,
1053 1183 1110 1226 ut
1147 1193 1178 1227 a
1216 1174 1582 1228 communionis
1628 1174 1825 1228 unitate
1862 1177 2162 1246 aliquando

297 1268 589 1319 discessum
625 1261 784 1316 fuisse
822 1259 881 1315 S.
922 1258 1175 1334 Cypriani
1213 1270 1441 1334 tempore
1478 1281 1578 1315 non
1619 1263 1950 1328 recoleretur,
1987 1280 2161 1334 quem-

298 1350 561 1406 admodum
619 1368 692 1403 ex
748 1347 1039 1402 Firmih'ani
1096 1348 1283 1402 litteris
1343 1349 1551 1421 collegit
1604 1348 1668 1403 P.
1725 1347 2061 1404 Constantius
2106 1351 2160 1403 in

297 1438 561 1494 Victorem
601 1455 723 1490 num
761 1435 813 1491 7.
855 1434 1158 1490 Auctoritas
1193 1434 1581 1503 Basileensium,
1619 1436 1706 1508 qui
1727 1435 2014 1509 Eugenium
2051 1455 2163 1493 cer-

297 1537 402 1580 tum
450 1523 752 1579 Pontificem
803 1523 1100 1577 deserentes
1157 1521 1212 1576 in
1262 1532 1493 1595 apertum
1540 1524 1761 1578 schisma
1807 1534 2164 1598 proruperunt,

299 1613 558 1669 Febronio
607 1611 814 1671 nihilum
861 1610 1098 1684 prodest,
1146 1619 1199 1664 et
1245 1610 1404 1664 multo
1443 1610 1614 1665 minus*
1659 1610 1820 1678 ratio,
1866 1631 1967 1683 qua
2014 1612 2164 1668 iidem

299 1701 628 1757 Basileenses
677 1697 966 1754 schismatis
1024 1705 1200 1752 notam
1249 1697 1490 1766 delaturi,
1556 1698 1812 1753 scissurae
1859 1717 2062 1754 causam
2110 1698 2164 1752 in

298 1789 586 1863 Eugenium
625 1786 1006 1842 dissolutionem
1055 1783 1257 1841 concilii
1295 1785 1667 1841 decernentem
1687 1787 2004 1859 rejecerunt:
2054 1804 2166 1841 cum

301 1897 372 1933 ex
432 1876 620 1932 celebri
675 1873 734 1929 S.
784 1873 1066 1946 Augustini
1125 1872 1383 1927 sententia
1443 1873 1807 1947 praecidendae
1855 1874 2065 1928 unitatis
2113 1884 2167 1930 et

300 1964 590 2021 schismatis
629 1962 935 2017 conficiendi·
971 1962 1110 2015 nulla
1159 1961 1227 2014 sit
1265 1963 1409 2033 justa
1448 1961 1732 2015 necessitas
1769 1971 1821 2016 et
1857 1962 2019 2028 ratio,
2071 1980 2166 2017 nec

300 2051 521 2107 schisma
555 2050 760 2124 proprie
799 2049 983 2102 dictum
1023 2049 1207 2102 cadere
1244 2058 1398 2119 queat
1434 2048 1486 2101 in
1525 2046 1738 2121 Papam,
1771 2049 1860 2120 qui
1885 2047 1929 2121 ¹)
1969 2046 2165 2119 aliquos

302 2159 333 2194 a
370 2157 464 2193 sua
500 2135 851 2192 communione
890 2144 1161 2208 segregat,
1199 2135 1287 2189 sed
1323 2134 1378 2189 in
1415 2153 1530 2202 θος,
1569 2135 1653 2206 qui
1692 2155 1723 2189 a
1761 2133 1907 2209 Papa
1945 2155 2165 2203 commu·

302 2225 473 2280 nionis
511 2235 688 2280 centro
727 2243 785 2278 se
823 2220 1074 2279 dividunt,

451 2313 539 2367 10.
616 2310 829 2366 Fortius
854 2310 1055 2366 videtur
1091 2310 1225 2377 illud,
1264 2310 1394 2382 quod
1433 2329 1462 2366 e
1499 2310 1700 2366 ratione
1724 2310 2013 2366 Febronius
2050 2329 2167 2385 pro-

304 2404 431 2467 fert,
468 2399 704 2454 nimirum
743 2399 875 2453 haud
911 2398 1206 2453 metuendas
1243 2417 1358 2455 esse
1396 2417 1666 2464 censuim,
1704 2399 1786 2454 vel
1822 2398 2168 2454 excommuni-

306 2489 577 2553 cationem,
615 2506 723 2541 cum
762 2486 950 2559 injusta
975 2498 1056 2540 est
1078 2496 1303 2542 testante
1328 2485 1623 2559 Augustino
1661 2485 1989 2560 (Fragment.
2017 2486 2165 2559 epist.

308 2575 434 2629 150.
473 2584 513 2627 t.
554 2575 607 2628 2.
647 2575 742 2629 col.
781 2573 964 2646 879.):
1045 2576 1110 2628 si
1144 2578 1426 2645 quisquam
1459 2577 1704 2646 fidelium
1732 2579 1911 2644 fucrit
1946 2576 2165 2628 anathe-

307 2669 478 2716 matus
516 2665 730 2735 injuste,
764 2664 819 2714 ei
848 2664 1034 2730 potius
1058 2663 1250 2723 oberit,
1285 2665 1380 2731 qui
1397 2665 1586 2731 faciet,
1626 2681 1786 2732 quam
1823 2664 1875 2714 ei
1898 2664 1993 2731 qui
2027 2662 2170 2715 hanc

299 2753 545 2820 patietur
584 2752 855 2821 injuriam.
929 2746 1171 2820 Injustam
1212 2757 1380 2802 autem
1419 2767 1722 2814 censuram,
1772 2756 1924 2818 atque
1962 2765 2168 2802 exeom-

308 2835 698 2891 municationem
759 2854 875 2891 esse
927 2835 1194 2890 existimat
1252 2835 1386 2889 illam
1404 2875 1419 2902 ,
1468 2856 1567 2908 qua
1603 2834 1748 2909 Papa
1793 2834 2168 2908 Episcopalium

310 2923 431 2996 (aut
468 2923 992 2997 Metropoliticarum)
1030 2923 1504 2997 praerogativarum
1541 2923 1760 2980 debitam
1797 2921 2169 2978 restitutionem

983 3141 986 3143 Δ
1582 3132 1599 3153 κ

440 3164 477 3220 ¹)
511 3169 693 3222 Aliquos
732 3167 912 3220 inquam.
983 3169 1030 3209 Si
1070 3170 1183 3210 enim
1230 3170 1348 3224 Papa
1399 3183 1421 3211 a
1467 3182 1542 3210 sua
1595 3167 1882 3215 communione
1920 3171 2168 3218 segregaret

314 3239 470 3276 omnes,
502 3229 572 3269 vel
602 3228 691 3268 fere
723 3240 865 3269 omnes
898 3228 1154 3277 catholicos,
1187 3234 1231 3271 et
1264 3230 1423 3271 idcirco
1456 3243 1503 3271 se
1535 3231 1754 3283 separaret
1781 3226 1834 3268 ab
1866 3226 2065 3268 Ecclesia
2098 3240 2168 3268 ca-

313 3288 474 3346 tholica
503 3287 635 3341 (quod
676 3288 790 3329 nullix
811 3288 959 3330 saltem
1002 3288 1119 3331 certo
1153 3290 1349 3332 Pontifici
1383 3290 1610 3343 contigit),
1649 3293 1752 3330 tunc
1782 3287 2005 3329 Ecclesiae
2035 3287 2169 3339 ipsius

313 3353 440 3400 caput
469 3353 514 3390 et
542 3349 839 3391 communionis
871 3353 1059 3391 centrum
1090 3363 1185 3391 esse
1217 3351 1452 3399 desineret,
1494 3350 1794 3400 decidet-etque
1834 3360 1862 3388 a
1892 3347 2165 3397 Pontificatm

315 3408 385 3460 qui
416 3409 459 3448 in
490 3409 583 3450 sola
612 3409 810 3451 Ecclesia
852 3410 1065 3452 catholica
1097 3423 1147 3452 ex
1181 3410 1337 3452 Christi
1370 3411 1586 3466 promissis
1617 3420 1823 3461 nunquam
1857 3407 2075 3449 defectura
2106 3407 2167 3447 in·

314 3468 450 3509 veniri
481 3473 641 3520 potest.
