2326 3854
706 242 1353 298 —213——-

122 403 360 474 impedire
406 402 664 456 niteretur.
757 402 894 457 Haec
943 422 1063 459 vero
1111 405 1241 457 ratio
1287 412 1343 455 ut
1386 402 1484 456 vim
1531 402 1763 466 haberet,
1801 404 1929 469 vide,

122 505 266 556 quam
304 488 454 541 multa
499 488 752 558 probanda
793 497 963 541 essent
1010 489 1208 542 omnino
1258 495 1422 552 certa,
1471 503 1598 555 quae
1634 494 1802 540 tamen
1838 505 1930 541 nec

120 572 374 644 probavit,
421 589 513 625 nec
548 573 759 643 probare
794 571 954 643 potuit
987 570 1297 626 Febronius:
1336 589 1405 624 ex
1440 570 1728 641 praemissis
1765 579 1928 623 autem

120 657 172 709 in
210 656 344 710 hisce
395 657 646 710 Vindiciis
679 666 852 728 patere
895 657 1113 710 arbitror
1148 657 1314 711 omnia
1361 655 1527 727 potius
1572 668 1693 708 esse*
1732 653 1929 726 penitus

118 741 260 794 falsa.
334 738 652 794 Probandum
688 741 876 794 scilicet
911 738 1072 795 esset:

261 824 300 877 1.
374 823 591 878 Summis
638 823 962 881 Pontificibus
1003 828 1088 897 jus
1147 827 1328 880 nullum
1386 844 1500 880 esse
1556 830 1606 878 in
1665 823 1928 877 limitandis

117 910 306 980 sibique
341 909 656 964 reservandis
693 910 979 979 quibusdam
1013 909 1371 983 Episcoporum
1409 909 1747 970 facultatibus,
1803 926 1929 978 quae

117 994 232 1047 licet
266 994 319 1047 in
355 994 550 1064 origine
582 992 844 1066 Episcopis
881 982 1167 1067 competant
1189 998 1307 1067 jure
1343 995 1539 1060 divino,
1589 995 1748 1064 quoad
1785 1011 1927 1046 usum

115 1082 283 1132 tamen
337 1088 388 1132 et
434 1078 727 1132 exercitium
776 1079 827 1132 in
876 1081 1056 1134 bonum
1102 1079 1360 1135 Ecclesiae
1413 1080 1764 1135 subordinatae
1813 1089 1931 1133 sunt

110 1163 443 1235 jurisdictioni
490 1162 803 1217 Summorum
849 1164 1174 1230 Pontificum,
1223 1176 1275 1218 et
1319 1175 1524 1219 eatenus
1573 1164 1828 1235 pertinent
1871 1165 1931 1216 ad

116 1249 436 1320 disciplinam,
473 1267 616 1318 quam
652 1246 885 1303 Christus
919 1248 1304 1303 Ecclesiasticae
1341 1248 1626 1302 auctoritati
1663 1250 1923 1319 disponen-

117 1335 225 1388 dam
262 1333 476 1402 reliquit.

231 1417 316 1470 -ΙΙ,
390 1415 604 1470 Eosdem
656 1415 952 1482 PontificeS,
1014 1435 1123 1470 cum
1183 1437 1270 1472 eas
1336 1418 1598 1471 facultates
1656 1418 1928 1472 limitarunt

115 1512 202 1556 aut
237 1511 592 1566 reservarunt,
630 1519 755 1570 quae
792 1520 862 1554 ex
898 1501 1103 1571 antiqua
1137 1502 1392 1574 disciplina
1430 1503 1773 1574 competebant
1809 1501 1927 1573 Epi-

114 1587 306 1658 scopiS,
349 1587 482 1639 nulla
525 1586 721 1639 ratione
769 1586 1083 1656 quantumvis
1135 1588 1268 1657 justa
1315 1588 1539 1659 potuisse
1588 1588 1742 1641 eidem
1780 1587 1925 1639 disci-

114 1672 274 1742 plinae
322 1672 590 1742 derogare,
635 1681 686 1724 et
733 1690 912 1726 novam
947 1671 1206 1737 inducere,
1244 1673 1384 1741 quasi
1421 1672 1676 1743 disciplina
1720 1673 1925 1741 antiqua

113 1756 314 1825 mutatis
348 1756 461 1810 licet
504 1757 886 1811 circumstantiis
934 1756 1150 1810 locorum
1187 1759 1268 1812 vel
1302 1768 1574 1829 temporum
1610 1757 1925 1810 immutabilis

114 1841 211 1907 sit3
248 1840 542 1896 Pontificum
577 1850 742 1894 autem
779 1859 1006 1913 suprema
1051 1841 1275 1913 potestas
1325 1843 1398 1897 ita
1442 1842 1603 1895 subsit
1639 1842 1926 1896 auctoritati

114 1926 426 1996 antiquorum
472 1944 575 1979 non
618 1920 721 1979 tam
766 1925 1070 1995 generalium
1091 1963 1107 1994 ,
1163 1946 1308 1997 quam
1355 1928 1718 2000 particularium
1767 1945 1924 1999 syno-

114 2011 312 2075 dorum,
360 2010 411 2062 in
449 2011 623 2079 quibus
658 2011 844 2064 veteris
881 2011 1167 2082 disciplinae
1218 2030 1439 2067 canones
1488 2015 1687 2066 suerunt
1722 2011 1922 2076 conditi,

110 2103 166 2146 ut
211 2094 347 2147 nulla
391 2097 521 2165 justa
580 2095 640 2148 de
695 2112 846 2149 causa
873 2096 1147 2166 potuerint
1195 2097 1340 2151 aliter
1387 2097 1652 2170 disponere
1699 2107 1750 2150 et
1805 2115 1924 2150 con-

111 2178 336 2232 stituere.
1573 2248 1575 2250 ι

250 2261 335 2316 ΠΙ.
408 2264 463 2315 In
499 2256 717 2317 materia
743 2265 980 2335 ejusmodi
1028 2266 1314 2319 facultatum
1344 2265 1746 2338 ΚΕρίεοορειίἱιιιυ,
1793 2283 1922 2334 quae

111 2348 269 2417 quoad
303 2347 511 2400 istarum
548 2366 688 2402 usum
726 2359 777 2402 et
812 2349 1108 2402 exercitium
1145 2359 1224 2403 est
1260 2352 1468 2405 materia
1505 2349 1751 2403 mutabilis
1776 2347 1924 2402 disci-

110 2432 288 2503 plinae,
324 2419 504 2485 nullam
541 2433 638 2487 vim
677 2433 860 2486 habere
895 2434 1117 2504 potuisse
1139 2433 1499 2507 Episcoporum
1534 2435 1810 2488 cessionem
1836 2443 1923 2487 aut

109 2517 529 2583 consuetudinem,
566 2518 746 2572 nullam
780 2519 898 2579 item
924 2519 1022 2572 vim
1048 2519 1219 2572 deduci
1242 2538 1391 2591 posse
1408 2538 1486 2574 ,ex
1511 2518 1920 2591 praescriptione,

109 2603 293 2656 nullam
329 2620 399 2656 ex
435 2602 558 2674 ipsis
596 2603 772 2656 nedum
811 2602 1208 2674 particularibuS,
1245 2605 1332 2657 sed
1368 2623 1528 2674 neque
1564 2622 1635 2658 ex
1670 2602 1920 2674 generali-

108 2687 199 2741 bus
234 2687 480 2753 conciliis,
526 2706 652 2758 quae
689 2706 720 2740 a
754 2687 920 2740 multis
957 2688 1168 2742 saeculis
1205 2689 1332 2744 hanc
1368 2689 1672 2762 disciplinam
1711 2705 1920 2759 recepe-

111 2781 250 2836 runt,
287 2790 345 2827 ac
381 2790 451 2826 ex
487 2789 559 2826 ea
586 2789 801 2826 canones
837 2773 1052 2827 edidere.
1872 2831 1885 2837 ,,

252 2854 344 2910 IV.
417 2854 648 2910 Pseudo-
661 2849 836 2908 Isidori
870 2857 1146 2912 decretales
1161 2897 1177 2923 ,
1231 2878 1361 2928 quae
1408 2858 1750 2929 supposititiae
1785 2868 1920 2922 sunt,

109 2950 265 2993 totam
299 2941 381 2994 vel
427 2941 669 3011 potiorem
716 2959 913 2994 causam
961 2942 1156 2995 dedisse
1203 2939 1465 2995 mutandae
1511 2960 1570 2995 ac
1615 2942 1920 2995 inducendae

111 3043 270 3080 novae
306 3025 617 3096 disciplinae3
653 3026 781 3079 hanc
815 3035 995 3092 autem,
1032 3046 1160 3096 quae
1197 3046 1225 3079 a
1261 3026 1479 3098 pluribus
1514 3028 1727 3087 saeculis
1764 3028 1920 3097 viget,

112 3111 208 3163 etsi
242 3111 580 3164 confirmatam
616 3129 716 3171 non
752 3111 910 3163 solum
947 3112 1299 3165 consuetudine
1335 3111 1592 3177 diuturna,
1641 3113 1729 3165 sed
1765 3113 1918 3165 etiam

113 3196 432 3248 conciliorum
457 3194 830 3267 approbatione,
868 3206 920 3248 et
953 3197 1164 3250 decretis
1189 3197 1346 3250 eidem
1383 3197 1780 3262 cohaerentibus,
1817 3215 1917 3249 non

111 3280 413 3334 constituere
447 3280 717 3351 legitimum
747 3283 858 3352 juS,
908 3282 1035 3351 quod
1074 3284 1191 3352 jure
1226 3281 1444 3345 servari,
1489 3282 1680 3335 defendi
1716 3291 1767 3336 et
1810 3283 1919 3337 vin-

113 3363 270 3417 dicari
306 3365 480 3434 possit.

255 3446 319 3501 V.
394 3447 622 3511 Abusus,
675 3451 756 3521 qui
791 3451 842 3503 in
899 3450 988 3503 hac
1037 3449 1290 3521 disciplina
1336 3450 1654 3505 offensionem
1701 3453 1918 3523 pariunt,
