2326 3854
698 219 1299 278 *57*

32 382 35 387 ⁴
92 390 399 453 Pontificem,
438 389 489 440 iu
527 406 668 457 quem
705 385 889 438 nemini
924 384 1117 437 illorum
1146 387 1230 455 jus
1268 391 1393 446 erat,
1431 391 1485 432 ut
1522 381 1601 434 vel
1639 398 1708 432 ex
1746 380 1896 434 Chal-

93 475 355 530 cedonensi
410 491 599 526 canone
654 482 802 525 autea
863 471 1060 522 laudato
1122 468 1432 522 manifestum
1487 475 1582 518 est.
1674 464 1782 517 Hac
1837 466 1895 517 de

92 579 239 613 causa
275 575 545 612 consensus
583 565 633 610 et
670 554 958 626 approbatio
984 553 1244 607 Romanae
1283 552 1412 606 sedis
1445 570 1477 604 a
1511 569 1573 604 sv
1576 550 1716 603 nodis
1753 567 1898 603 oecu-

95 644 296 699 menicis
328 643 563 712 quaesita
590 639 686 692 fuit
730 638 877 692 etiam
914 638 966 690 in
998 639 1275 691 canonibus
1313 637 1622 709 disciplinae,
1667 645 1721 687 ut
1745 634 1788 706 ¹)
1829 652 1898 687 ex

93 729 350 783 Nicaenae
387 737 437 781 et
471 724 778 821 Ephesinae‚
818 704 1233 776 Chalcedonensis
1263 733 1362 776 etc.
1401 722 1575 793 gestis
1592 720 1770 790 liquet,
1806 737 1898 771 nec

94 832 193 866 non
239 831 309 867 ex
343 810 622 866 novissimo
667 807 1000 875 Tridentino
1013 808 1237 878 generali
1274 805 1516 861 Concilio.
1604 803 1708 860 Cur
1755 814 1900 858 tanta

95 896 483 951 confirmationis·
524 895 818 948 obtinendae
865 892 1140 945 sollicitudo
1187 892 1307 956 fuit,
1370 892 1467 943 nisi
1522 891 1635 960 quia
1684 891 1745 942 ob
1794 892 1899 960 ejus

95 984 329 1035 defectum
364 982 442 1036 vis
481 979 823 1034 oecumenicae
851 977 1039 1047 synodi
1075 978 1285 1030 decretis
1324 987 1374 1030 et
1419 976 1688 1029 canonibus
1727 970 1900 1028 deesse

94 1085 379 1138 persuasum
417 1067 560 1118 erat?
633 1063 772 1117 Vera
811 1072 889 1114 est
925 1058 1164 1130 siquidem
1196 1063 1281 1114 illa
1326 1060 1383 1114 S.
1422 1060 1614 1114 Leonis
1643 1060 1901 1113 sententia

94 1151 234 1222 epist.
278 1150 393 1204 104.
432 1151 496 1203 al.
538 1150 621 1204 78.
674 1148 732 1200 ad
777 1149 1128 1217 Imperatorem
1167 1145 1495 1211 Marcianum
1530 1145 1719 1215 scripta
1755 1163 1900 1197 oeca-

94 1238 232 1288 sioue
281 1235 540 1289 memorati
587 1231 790 1287 canonis
842 1227 1263 1284 Chalcedonensis
1311 1249 1401 1302 pro
1440 1220 1900 1300 Constantinopoli-

92 1330 239 1372 tanae
276 1320 404 1373 sedis
452 1317 818 1391 praerogativis
856 1316 1142 1382 constituti3
1192 1325 1336 1385 quem
1371 1315 1499 1368 idem
1535 1312 1778 1368 Pontifex
1814 1333 1899 1385 ap-

91 1404 300 1475 probare
338 1404 521 1456 noluit:
583 1406 698 1456 Nee
728 1400 950 1472 praeter
989 1404 1137 1454 illam
1169 1398 1407 1470 petram,
1446 1421 1602 1470 quam
1639 1403 1899 1452 Dominus

90 1493 144 1540 in
176 1491 521 1556 funda-mento
565 1493 774 1559 posuit,
822 1489 1026 1551 stabilis
1082 1491 1183 1538 erit
1227 1489 1340 1556 ιιῖἰᾳ
1387 1490 1726 1539 constructio.
1801 1485 1902 1555 Ipsi

95 1573 379 1627 adversarii
400 1575 448 1626 id
487 1593 612 1628 sane
644 1581 1106 1644 praesumpserunt,
1158 1589 1267 1624 cum
1303 1568 1354 1622 in
1394 1571 1725 1624 declaratione
1764 1568 1901 1623 Cleri

94 1656 337 1712 Gallicani
386 1667 467 1711 ah.
536 1658 720 1725 1682„
783 1668 846 1709 ut·
899 1649 1367 1711 Constantiensibus
1426 1657 1638 1709 decretis
1695 1656 1795 1714 vim
1851 1666 1903 1709 et

97 1744 440 1796 auctoritatem
477 1742 820 1796 oecumenicae
857 1743 1037 1813 synodi
1074 1751 1385 1806 assererent,
1424 1760 1486 1794 ea
1531 1762 1565 1794 a
1601 1744 1723 1793 sede
1762 1739 1902 1809 Apo-

97 1830 284 1880 stoliea
309 1830 652 1898 comprobata
688 1828 993 1880 affirmarunt
1028 1846 1159 1880 num.
1187 1828 1239 1879 2.
1278 1828 1405 1899 quod
1439 1844 1641 1887 verene,
1679 1843 1742 1877 an
1777 1826 1902 1877 falso

94 1912 403 1976 affirmarint,
439 1923 613 1983 postea
649 1914 983 1983 expendemus
1021 1931 1064 1965 c.
1107 1914 1156 1966 7.
1221 1909 1364 1978 Quae
1401 1911 1651 1983 generalis
1690 1909 1903 1964 Concilii

92 1997 192 2049 vim
229 2006 279 2049 et
323 1997 667 2050 auctoritatem
715 1995 981 2062 obtinent,'
1013 1998 1276 2050 accedente
1325 1997 1676 2068 approbatione
1725 2006 1775 2048 et
1822 2014 1902 2048 as-

93 2098 241 2133 sensu
295 2082 470 2134 summi
516 2081 800 2147 pontificis,
861 2085 967 2153 ejus
1014 2092 1130 2135 sunt
1177 2083 1407 2152 generi·S‚
1457 2083 1516 2135 de
1565 2100 1660 2150 quo
1713 2082 1902 2151 egimus

96 2155 253 2236 capite
289 2167 628 2237 praecedenti,
681 2168 958 2237 nullumque
994 2169 1046 2219 in
1083 2168 1240 2238 ipsum
1276 2166 1569 2219 Pontificem
1597 2168 1681 2237 jus
1721 2166 1902 2219 coacti·-

92 2269 224 2312 vum‚
261 2252 455 2304 nullam
476 2251 630 2322 ipsius
657 2236 860 2304 concilii.
869 2253 1262 2322 jurisdictionem
1297 2251 1350 2306 in
1376 2252 1580 2304 eundem
1617 2251 1901 2303 adstruunt:

93 2335 170 2387 vis
215 2335 341 2388 enim
388 2329 579 2401 'omniS,
635 2355 761 2406 quae
823 2354 892 2390 ex
942 2337 1144 2407 alicujus
1195 2350 1403 2388 assensu
1457 2336 1662 2405 pendet,
1710 2353 1901 2388 omnem

213 2518 248 2572 ³)
279 2522 490 2561 Nicaeuos
521 2522 686 2572 quidem
718 2516 873 2562 Patres
899 2524 1034 2562 omnia
1061 2527 1184 2572 gesta
1213 2522 1374 2561 misisse
1406 2522 1640 2572 ad'Papam
1661 2521 1904 2561 Silvestrum

94 2580 222 2619 tradit
263 2581 590 2631 praefatiuncula
630 2582 830 2621 Nicaenis
872 2582 1098 2621 canonibus
1142 2580 1327 2632 praefixa
1366 2581 1406 2619 in
1448 2581 1686 2631 quibusdam
1723 2581 1904 2630 antiquis

95 2637 284 2677 diversae
316 2640 488 2689 originis
519 2639 791 2692 versionibus,
826 2652 930 2691 quae
963 2652 1016 2680 ex
1048 2641 1209 2679 Graeco
1234 2638 1350 2678 fonte
1384 2634 1718 2690 proficiscuntur;
1752 2637 1857 2679 conf
1862 2650 1904 2677 r-

96 2698 403 2748 mationemque
451 2708 592 2738 rerum
638 2694 766 2750 atque
811 2699 1106 2738 auctoritatem
1142 2696 1368 2738 Romanae
1413 2696 1630 2737 Ecclesiae
1669 2698 1721 2757 ab
1763 2698 1906 2737 iisdem

97 2754 292 2804 petitam,
336 2754 539 2808 affirmare
579 2768 659 2796 non
702 2757 940 2812 dubitarunt
971 2758 1121 2796 Patres
1149 2757 1358 2796 Romanae
1401 2756 1548 2806 synodi
1589 2751 1688 2795 anni
1715 2755 1815 2805 485,
1849 2756 1905 2795 uti

99 2807 411 2861 explicavimus
418 2817 528 2852 tomo
558 2814 630 2854 111.
659 2818 825 2858 nostrae
858 2798 1049 2865 editionis
1070 2804 1252 2856 Venetae
1283 2816 1462 2864 Operum
1492 2816 1536 2855 S
1555 2815 1705 2856 Leonis
1737 2816 1815 2854 col.
1833 2815 1904 2854 45.

99 2873 184 2908 not.
216 2869 287 2911 43.
349 2871 503 2912 Quodsi
532 2870 632 2910 haec
662 2871 925 2911 eon-firmatio
943 2884 977 2911 a
973 2873 1184 2913 Nicaenis
1208 2873 1407 2912 Patribus
1438 2884 1518 2912 non
1550 2873 1743 2911 credatur
1768 2873 1905 2911 missis

95 2928 226 2978 gestis
269 2929 482 2978 quaesita3
524 2938 716 2980 assensus
756 2931 901 2976 saltem
941 2942 1016 2980 per
1052 2931 1294 2984 Pontificius
1339 2932 1499 2982 legatos
1538 2932 1642 2983 ipsis
1682 2931 1906 2971 canonibus

93 2986 344 3036 praestitus,
386 2993 427 3025 et
458 2987 722 3038 subsequenti
754 2989 998 3039 receptione
1019 2983 1245 3028 ‘eorundem
1277 2995 1472 3029 canonum
1505 2986 1814 3040 comprobatus,
1854 2988 1907 3028 ad

96 3044 176 3083 vim
218 3046 425 3094 generalis
466 3047 613 3095 synodi
663 3045 850 3085 sufficere
885 3047 1032 3103 potuit.
1095 3046 1191 3086 Nou
1236 3049 1423 3086 recensui
1463 3048 1543 3087 hoe
1583 3049 1674 3087 loeo
1716 3049 1757 3086 in
1789 3051 1904 3086 textu

97 3103 594 3154 constantinopolitanum
633 3105 894 3156 concilium,
915 3105 1024 3154 quod
1054 3105 1271 3155 generale
1280 3106 1505 3145 secundum
1539 3106 1739 3156 appellari
1779 3106 1906 3152 solet3

97 3160 192 3198 hoc
206 3161 310 3204 enim
343 3174 394 3200 ex
433 3163 523 3202 solo
562 3164 734 3202 Oriente
776 3166 1092 3219 congregatum,
1135 3175 1210 3214 per
1248 3175 1293 3202 se
1333 3164 1396 3203 ab
1429 3164 1547 3201 initio
1589 3163 1782 3213 generale
1826 3170 1906 3202 non

95 3217 204 3264 fuit3
244 3227 321 3258 nec
360 3223 506 3271 postea
544 3221 654 3260 inter
692 3221 903 3271 generalia
941 3212 1169 3270 computari
1206 3221 1346 3271 coepit
1389 3221 1524 3271 quoad
1555 3232 1760 3272 canones,
1805 3233 1906 3272 quos

95 3275 217 3315 sedes
249 3276 482 3327 Apostolica
513 3291 592 3319 non
622 3279 937 3334 approbaverat,
966 3279 1040 3318 sed
1072 3278 1205 3329 quoad
1232 3279 1455 3329 symbolum
1483 3278 1581 3318 fidei
1613 3282 1783 3330 tautum,
1817 3292 1906 3319 cum

96 3335 290 3389 peinceps
320 3334 417 3374 huie
435 3338 624 3394 symbolo
658 3338 837 3388 ejusdem
867 3338 978 3376 sedis
1008 3337 1252 3388 approbatio
1285 3338 1474 3389 accessit.
1536 3338 1638 3378 Vide
1667 3338 1744 3378 hac
1776 3338 1826 3377 de
1859 3350 1904 3376 re

106 3379 349 3432 'tractatum
371 3380 442 3434 de
456 3396 656 3447 antiquis
698 3407 909 3437 canonum
940 3396 1286 3445 collectionibus,
1333 3395 1448 3447 q'uem
1480 3397 1761 3448 praemisimus
1769 3395 1904 3437 tomo

98 3450 232 3491 tertio
254 3454 500 3492 memoratae
533 3454 725 3495 editionis
755 3468 850 3506 pag.
881 3455 915 3494 L
916 3454 985 3494 111.
1019 3457 1061 3493 et
1092 3466 1209 3505 seqq.
