2326 3854
1109 177 1173 212 VI

214 345 539 402 supremae
572 332 628 384 et
659 327 1029 384 ordinariae
1060 330 1352 404 potestatis
1383 331 1683 407 rectoriae,
1722 345 1824 393 seu
1849 331 2063 404 juris-

218 414 509 472 dictionis
556 420 672 493 est,
722 420 782 472 ut
828 414 1206 473 Conciliorum
1252 418 1439 472 verbis
1485 420 1641 491 utar3
1701 417 1770 474 de
1818 419 2064 477 faculta-

213 506 357 560 tibus
382 500 684 561 Ptfiltificiis
734 505 873 562 adeo
920 507 1062 560 inter
1097 522 1218 581 eOS,
1267 507 1357 579 qui
1399 522 1462 560 se
1503 506 1807 563 catholicos
1839 507 2064 584 habent,

212 592 578 648 vehementer
611 592 979 667 disceptatum
1016 597 1122 670 est,
1170 594 1290 649 sive
1329 592 1471 667 quod
1505 599 1733 669 propter
1759 595 2064 651 obfuscan-

213 682 291 736 tia
322 681 665 737 intellectum
697 680 1041 755 praejudicia
1070 682 1356 758 ingeniive
1381 682 1652 737 naturalis
1675 683 2066 739 hebetudinem

215 786 285 824 ea
333 787 475 843 quae
522 787 646 824 cum
694 767 958 845 dogmate
1006 787 1262 825 connexa
1307 773 1465 847 sunt,
1506 769 1658 826 haud
1702 773 2063 848 perspiciunt,

215 858 337 912 sive
398 855 542 930 quod
599 856 788 912 hostili
846 858 903 912 in
962 856 1073 913 Dei
1130 856 1450 913 Ecclesiam
1506 862 1862 933 sanctamque
1909 858 2065 915 Petri

215 940 427 1000 Sedem
484 943 609 1000 odio
657 949 938 1022 aguntur,
998 949 1117 1025 „ut
1150 946 1392 1018 disjecto
1441 943 1614 1023 (Pius
1644 945 1747 1002 VI.
1793 947 1833 1003 l.
1884 944 1969 1024 c.)
2019 950 2067 1003 si

214 1030 334 1087 fieri
380 1036 575 1106 posset
620 1031 1012 1111 fundamento,
1076 1052 1143 1090 ac
1190 1033 1462 1109 dirempta
1506 1031 1894 1091 Ecclesiarum
1942 1054 2067 1091 cum

215 1115 418 1195 Capite
466 1123 875 1201 conjunctione,
924 1140 1033 1196 qua
1074 1124 1420 1197 potissimum
1451 1124 1721 1197 nituntur,
1766 1124 1966 1199 vigent
2001 1142 2067 1180 ac

215 1208 594 1287 efflorescunt,
641 1210 933 1283 ipsammet
977 1207 1323 1287 Ecclesiam,
1369 1209 1561 1266 fractis
1607 1212 1815 1267 viribus
1861 1212 2066 1267 misere

213 1295 476 1352 afflictam
522 1316 589 1353 ac
638 1296 1020 1371 dilaceratam,
1067 1298 1325 1354 libertate
1356 1299 1618 1375 spolient,
1665 1316 1773 1373 qua
1804 1295 2065 1356 Christus

204 1402 340 1441 eam
386 1385 647 1462 donavit,
696 1385 1072 1463 indignaeque
1119 1388 1373 1442 servituti
1420 1383 1742 1443 addicant.“

350 1471 703 1548 Praecipuae
736 1479 923 1530 autem
943 1473 1217 1532 Pontificii
1251 1477 1518 1549 primatus
1555 1473 1874 1553 facultates,
1923 1493 2064 1556 quae

215 1560 288 1616 ad
333 1561 623 1637 spirituale
678 1564 935 1641 regimen
980 1565 1322 1638 pertinentes
1379 1563 1435 1618 in
1481 1580 1721 1639 gravem
1776 1564 2066 1639 discepta-

217 1651 423 1709 tionem
467 1654 772 1727 vocantur,
819 1655 947 1707 sunt
989 1651 1101 1707 hae
1147 1651 1322 1708 duaex
1382 1652 1592 1727 prima,
1649 1652 1817 1726 quale
1861 1653 1934 1708 sit
1967 1658 2066 1726 jus

215 1736 599 1794 Romanorum
628 1737 958 1796 Pontificum
1000 1741 1058 1795 in
1103 1737 1425 1796 definiendis
1473 1742 1868 1796 controversiis
1907 1739 2066 1814 fidei3

215 1826 484 1902 secunda,
532 1843 807 1900 quaenam
837 1829 909 1883 sit
930 1827 1250 1884 veorundem
1280 1831 1530 1902 potestas
1563 1829 1773 1885 collata
1807 1847 1930 1885 cum
1953 1847 2064 1904 po·-

216 1917 420 1974 testate
468 1910 707 1970 Concilii
754 1917 1116 1974 oecumenici.
1208 1919 1212 1924 “
1698 1940 1704 1946 ’

352 2001 516 2074 Quod
562 2002 634 2058 ad
678 2005 912 2077 primam
958 2004 1155 2061 attinet
1209 2003 1532 2060 facultatem
1587 2002 1882 2063 definiendi
1922 2022 2064 2061 con-

214 2093 523 2146 trever-sias
569 2089 718 2168 fidei,
764 2093 821 2146 in
867 2093 1061 2165 quibus
1110 2095 1166 2148 et
1199 2094 1554 2166 quaestiones
1592 2109 1806 2148 morum
1851 2092 1924 2148 ad
1952 2111 2064 2148 na·-

214 2180 397 2235 turale
444 2197 510 2235 ac
544 2179 788 2236 divinum
825 2183 924 2251 jus
952 2181 1293 2254 pertinentes
1330 2181 1892 2258 comprehenduntur,
1942 2198 2066 2237 eam

217 2271 378 2324 autor
422 2272 616 2324 noster
675 2271 815 2325 cum'
843 2268 1249 2327 infallibilitatis
1293 2267 1621 2325 Pontificiae
1665 2271 2066 2345 praerogativa

217 2360 567 2427 conjunctam
614 2358 784 2412 evicit
832 2358 1077 2433 egregio
1123 2354 1218 2414 illo
1255 2359 1610 2431 numerisque
1658 2359 1908 2413 omnibus
1956 2359 2063 2413 ab·-

216 2445 401 2500 soluto
447 2461 651 2520 opere:
721 2483 765 2515 „
782 2445 882 2500 De
925 2444 990 2500 vi
1037 2463 1112 2500 ac
1155 2444 1406 2501 ratione
1457 2443 1778 2520 primatus
1823 2445 2063 2500 Roma-

215 2549 442 2587 norum.
489 2531 862 2605 Pontificum
919 2537 981 2587 et
1037 2534 1112 2588 de
1166 2532 1442 2607 ipsorum
1487 2531 1952 2606 infallibilitate
1996 2531 2065 2587 in

217 2618 589 2693 definiendis
634 2618 1099 2677 contr-ovenoiio⁴
1116 2619 1271 2693 fidei
1285 2618 1358 2694 ,0‘4
1405 2621 1548 2695 quod
1578 2639 1718 2695 opus
1747 2621 1925 2677 altero
1956 2622 2063 2677 ab·-

216 2710 534 2765 hincanno
580 2726 729 2765 nova
774 2710 1015 2766 editione
1059 2709 1113 2765 in
1158 2710 1343 2765 lucem
1389 2711 1732 2766 emisimus:
1777 2722 1781 2727 ·

347 2796 549 2852 Altera
607 2801 792 2854 autem
852 2796 1090 2857 facultas
1150 2796 1438 2854 Pontificia
1498 2798 1703 2854 collata
1763 2815 1886 2854 cum
1934 2801 2064 2869 jure

217 2882 594 2944 conciliorum
616 2888 991 2961 generalium,
1031 2903 1303 2960 quaenam
1330 2890 1389 2946 et
1409 2885 1718 2958 cujusmodi
1755 2888 1853 2964 sit,
1882 2902 2064 2960 quae-

216 2992 322 3048 que
366 2992 478 3031 non
523 2975 742 3030 unicum
788 2974 916 3031 fidei
959 2977 1247 3051 negotium
1293 2976 1542 3050 respicit,
1591 2974 1693 3030 sed
1740 2974 2064 3048 disciplinae

216 3080 432 3137 quoque
477 3066 765 3121 materiam
813 3063 1216 3141 complectitur,
1264 3063 1390 3119 aliis
1437 3068 1601 3138 atque
1616 3063 1758 3122 *aliis
1805 3061 2062 3137 indigens

213 3153 645 3228 principiiS,·in
689 3152 796 3208 hoc
844 3152 987 3226 quod
1051 3170 1200 3209 nova
1247 3152 1487 3209 editione
1513 3151 1790 3226 <publicae
1842 3150 2063 3209 utilitati

214 3257 357 3299 nunc
380 3243 851 3312 consecravimus,
869 3241 1150 3297 volumine
1177 3241 1490 3317 explicatur
1510 3243 1679 3313 atque
1699 3239 2063 3295 constituitur.

349 3327 568 3397 Quanto
618 3346 743 3387 cum
779 3332 910 3400 jure
958 3346 1229 3404 quamque
1266 3329 1531 3386 concinne
1567 3331 1731 3383 antor
1768 3329 1960 3383 noster
1993 3326 2062 3381 ad

214 3414 357 3470 haec
402 3415 510 3472 duo
558 3417 743 3491 capita
788 3434 1004 3473 omnem
1051 3416 1119 3473 de
1165 3418 1402 3492 primatu
1438 3413 1726 3472 Pontificio
1773 3415 2061 3489 discepta-

219 3503 422 3559 tionem
466 3506 841 3574 revocaverit,
890 3508 1162 3562 neminem
1199 3504 1396 3581 fugiet.
1466 3502 1682 3563 Evictis
1730 3504 1874 3559 enim
1908 3503 2062 3558 hisce
