2326 3854
921 122 1581 178 ——194—

324 295 404 339 est
433 287 540 359 juri
584 287 752 343 divino
800 289 1092 342 detrahere:
1151 305 1305 359 saepe
1353 286 1485 341 enim
1530 285 1667 352 dixi,
1716 295 1767 339 et
1815 285 1996 342 iterum
2042 287 2170 352 dico,

325 392 437 427 eam
483 384 787 447 potestatem
847 375 1010 445 quoad
1072 373 1443 427 institutionem
1494 372 1688 444 quidem
1744 371 1893 425 inniti
1945 373 2058 444 juri
2094 373 2169 426 di-

322 461 442 516 vino
465 460 540 534 ¹);
598 472 650 515 at
701 479 802 514 non
851 460 971 514 item
1021 462 1185 531 quoad
1237 479 1380 514 usum
1430 470 1481 514 et
1537 458 1838 527 exercitium
1881 458 2170 520 facultatum

319 546 707 621 Episcopaliuni,
771 566 984 618 quorum
1040 548 1391 602 determinatio
1455 547 1773 644 dispositioni
1827 544 2088 600 Ecclesiae
2143 563 2174 600 a

321 632 529 689 Christo
568 634 775 718 tributa,
812 652 916 688 non
941 634 1112 701 divini,
1152 637 1240 690 sed
1263 634 1616 708 Ecclesiastici
1645 633 1778 708 juris
1817 641 2174 704 est,etp1ae-

259 711 264 715 *
321 718 584 793 sciiptioni
647 738 707 774 ac
763 721 1033 775 mutationi
1092 723 1346 776 obnoxia.
1417 724 1546 778 unde
1609 723 1738 777 falsa
1803 719 2172 789 falsissimaque

323 807 620 879 agnoscitur
666 807 754 861 illa
790 807 1037 863 Fchronii
1086 811 1248 864 thesis
1287 812 1362 882 (c.
1399 810 1453 865 8.
1507 810 1555 879 ἓ.
1593 810 1648 864 6.
1699 819 1739 862 t.
1780 808 1832 863 2.
1886 826 2001 879 pag.
2041 803 2170 874 66):

320 895 447 947 Non
477 902 714 964 prosunt
758 895 862 948 hac
918 899 974 948 in
1017 903 1180 966 parte
1232 898 1493 951 Romanis
1535 899 1936 969 praescriptio,
1985 895 2172 954 cessio,

310 985 604 1050 possessio,
641 983 974 1036 consuetudo
1001 990 1099 1037 etc.
1158 983 1352 1056 Ingerit
1373 985 1556 1038 abusus
1585 1003 1615 1037 a
1638 979 1834 1038 Christi
1855 978 2171 1037 institutione

318 1067 528 1134 alicnoS‚
556 1086 683 1138 quos
696 1068 802 1140 juri
826 1067 996 1124 divino
1021 1072 1367 1144 praejudicare
1385 1090 1487 1125 non
1508 1089 1658 1144 posse
1676 1067 1994 1143 pronunciat.
2046 1062 2173 1134 Quis

318 1164 487 1209 autem
524 1165 766 1226 tanquam
802 1173 980 1209 verum
1008 1160 1097 1229 jus
1152 1158 1380 1213 venditat
1428 1158 1698 1231 potestatis
1745 1156 1962 1211 abusus?
2035 1151 2107 1205 Hi
2143 1172 2173 1206 a

318 1242 518 1295 nemine
556 1243 923 1314 appr,obantur
962 1262 1056 1298 nec
1093 1245 1208 1297 ullis
1247 1246 1369 1300 novi
1398 1246 1528 1317 juris
1568 1242 1955 1299 auctoritatibus
1991 1259 2173 1312 appro-

318 1327 448 1392 bati,
489 1330 576 1399 jus
625 1329 908 1384 condidisse
955 1333 1226 1385 creduntm
1237 1371 1253 1401 ‚
1308 1333 1438 1404 quod
1494 1332 1662 1387 divino
1699 1332 1806 1404 juri
1861 1329 2171 1402 praevaleat

318 1411 442 1467 Sola
478 1424 708 1486 potestas
747 1435 777 1470 a
817 1414 1025 1471 Christo
1062 1419 1298 1473 instituta
1333 1419 1387 1472 in
1425 1418 1820 1473 aedificationem
1858 1408 2028 1472 divino
2056 1416 2173 1486 jure

318 1500 541 1555 fulcitur·
585 1503 824 1576 abusus
811 1522 863 1556 ιιι
901 1504 1290 1578 destructionem
1330 1505 1518 1559 inducti
1554 1514 1797 1575 tanquam
1822 1502 1981 1559 eidem
2007 1502 2173 1558 divino

313 1587 423 1660 juri
462 1588 710 1644 contrarii
748 1591 1084 1662 reprobantur
1122 1593 1185 1646 ab
1227 1593 1475 1658 omnibus,
1513 1610 1608 1646 nec
1648 1610 1678 1645 a
1716 1590 1948 1664 quopiam
1971 1590 2048 1644 aad
2072 1589 2172 1661 vim

318 1674 698 1746 praescribendi
744 1688 924 1732 contra
973 1679 1229 1752 antiquum
1274 1679 1549 1752 legitimum
1592 1682 1710 1751 juS‚
1759 1687 1847 1734 aut
1891 1676 2011 1732 novi
2038 1677 2174 1750 juris

321 1762 567 1816 condendi
616 1762 915 1820 evehuntur.
994 1764 1142 1834 Quod
1190 1768 1233 1820 si
1281 1768 1528 1838 quaedam
1566 1766 1837 1820 hodiernae
1882 1765 2174 1838 disciplinae

320 1850 488 1922 capita
525 1868 659 1906 novo
689 1853 806 1926 jure
843 1853 1049 1908 inducta
1086 1865 1203 1927 post
1239 1852 1669 1910 Pseudo-Isidori
1707 1870 1928 1919 merces,
1971 1851 2175 1909 etiamsi

320 1955 350 1990 a
388 1937 557 1991 multis
595 1940 809 1993 saeculis
858 1960 953 1994 usu
997 1952 1202 2014 recepta
1240 1943 1479 2014 vigeant,
1531 1940 1689 1996 veluti
1736 1940 1924 2010 abusus
1961 1958 2063 1997 non
2098 1940 2174 1995 fe·-

318 2024 465 2077 rendi
500 2024 806 2081 eliminanda
844 2039 1041 2094 essent,
1091 2038 1143 2082 et
1190 2029 1309 2082 falsi
1337 2029 1471 2101 juris
1528 2046 1794 2083 censuram
1829 2034 2170 2092 mererentur3

318 2111 433 2168 falsi
469 2131 666 2184 quoque
696 2113 852 2186 juriS,
891 2125 946 2168 ut
981 2115 1282 2182 monuimus,
1321 2133 1505 2169 nomen
1541 2114 1857 2169 tribuendum
1895 2122 2033 2168 esset
2070 2130 2172 2169 non

382 2330 383 2333 =
448 2300 486 2356 ¹)
518 2304 803 2357 Episcopatus
834 2306 1096 2346 considerari
1128 2309 1271 2359 potest
1303 2306 1370 2347 vel
1403 2306 1446 2346 in
1478 2317 1634 2357 genere
1666 2306 1733 2347 vel
1765 2307 1890 2357 prout
1920 2307 1993 2344 est
2013 2304 2058 2344 in
2086 2304 2174 2344 sin-

322 2365 431 2415 gulis
461 2365 718 2414 individuis,
759 2364 1010 2421 Episcopis:
1058 2367 1102 2406 in
1127 2370 1320 2435 utroque
1359 2369 1499 2410 autem
1541 2378 1640 2406 casu
1680 2362 1978 2419 distinguenda
2012 2367 2078 2405 est
2099 2376 2172 2421 po-

323 2485 363 2524 in
395 2496 580 2538 genere,
615 2485 724 2525 haud
758 2486 884 2526 dubie
915 2487 1155 2527 immediate
1184 2486 1388 2528 divinitus
1419 2489 1484 2526 est
1523 2486 1744 2526 institutus
1775 2489 1862 2525 tum
1893 2483 2031 2537 quoad
2062 2484 2174 2524 ordi

323 2556 415 2586 nem
456 2550 562 2588 tum,
585 2547 723 2598 quoad
745 2547 1098 2598 jurisdictionem.
1159 2549 1261 2591 Cum
1304 2547 1411 2593 enim
1452 2546 1647 2587 Christus
1678 2545 1979 2603 Episcopatum
2019 2545 2080 2584 sic
2110 2544 2174 2583 in÷

323 2605 488 2652 stituit,
521 2609 569 2649 ut
602 2606 806 2659 Episcopi
835 2607 1100 2648 subordinati
1131 2607 1248 2650 Petri
1280 2606 1474 2658 primatui
1504 2605 1778 2658 particulares
1802 2607 2007 2655 regerent
2039 2604 2173 2644 eccle·

322 2665 430 2715 sias,
466 2665 707 2716 jurisdictio
749 2666 1004 2718 episcopalis
1042 2667 1084 2706 in
1127 2677 1281 2717 genere
1321 2665 1561 2705 immediate
1592 2677 1618 2708 a
1650 2665 1820 2704 Christo
1865 2667 1930 2703 cst
1965 2664 2171 2703 instituta.

322 2725 522 2766 Potestas
553 2725 717 2770 ordinis
745 2726 789 2770 iu
818 2726 1141 2779 particularibus
1173 2726 1365 2778 personis
1394 2725 1521 2767 etiam
1551 2724 1789 2766 immediate
1818 2737 1845 2762 a
1875 2723 1954 2763 deo
1988 2729 2067 2763 est.
2109 2723 2173 2762 De

324 2784 416 2825 sola
455 2788 596 2826 autem
636 2785 947 2838 J‘urisdictio'nis
984 2789 1205 2838 potestate.
1244 2786 1287 2824 in
1330 2786 1473 2837 specie
1513 2783 2031 2828 controversiafflabetur.
2093 2783 2174 2822 Hic

324 2848 460 2885 autem
494 2845 814 2899 observandum,
845 2857 928 2886 non
959 2847 1029 2897 agi
1059 2846 1112 2885 de
1145 2859 1212 2892 30,
1244 2849 1383 2885 utrum
1413 2844 1606 2884 Christus
1635 2844 1851 2895 Apostolis
1883 2842 2174 2884 extraordina-

324 2906 429 2947 riam
459 2906 572 2946 illam
597 2878 935 2957 jurisdictionem
966 2906 1205 2949 immediate
1236 2905 1479 2957 contulerit,
1505 2905 1617 2957 quod
1646 2904 1773 2949 hodic
1804 2903 2044 2951 eommunis,
2075 2903 2175 2948 licet

326 2978 410 3005 non
443 2969 573 3018 certa,
607 2969 725 3007 tenet
759 2967 985 3009 sententia.
1050 2967 1115 3006 Ad
1137 2967 1375 3019 Episcopos
1397 2968 1532 3008 autem
1556 2965 1833 3023 particulares
1865 2964 1974 3015 quod
2007 2963 2174 3007 attinet,

327 3038 419 3065 cum
447 3026 661 3078 personali
693 3037 774 3066 non
806 3026 992 3078 gaudent
1024 3028 1320 3078 Apostolorum
1353 3026 1641 3073 successione,
1671 3017 1760 3064 sed
1791 3024 1953 3075 potius,
1995 3021 2173 3073 Aposto-

327 3087 460 3126 lorum
501 3086 596 3127 dum
647 3087 908 3138 appellantur
947 3098 1238 3138 successores,
1283 3085 1561 3137 collegialiter
1598 3085 1684 3126 siut
1721 3083 1932 3134 sumendi,
1971 3085 2175 3133 quatenus

327 3147 492 3185 scilicet
531 3147 844 3199 Episcoporum
884 3147 1109 3199 collegium
1146 3159 1238 3186 cum
1278 3149 1322 3190 et
1369 3145 1444 3190 sub
1490 3146 1645 3188 Petro
1663 3142 1851 3189 succedit
1883 3142 2173 3195 Apostolorum

326 3206 516 3257 Collegio
559 3218 650 3247 cum
699 3210 742 3246 et
781 3207 858 3246 sub
892 3207 1043 3254 Petro;
1089 3216 1232 3246 eorum
1257 3206 1597 3257 jurisdictionem
1638 3215 1726 3243 non
1752 3201 1988 3242 immediate
2036 3213 2062 3240 a
2095 3201 2173 3241 deo

327 3270 514 3307 tenemus
546 3279 801 3319 concessam,
834 3267 910 3306 sed
942 3267 1180 3307 immediate
1212 3278 1238 3305 a
1267 3267 1461 3309 Romano
1480 3263 1697 3312 Pontifice,
1729 3273 1805 3301 seu
1834 3273 1909 3313 per
1941 3262 2174 3304 institutio-

328 3338 422 3367 nem
452 3328 716 3378 cauonicam‚
758 3340 839 3381 qua
870 3326 1026 3373 subditi
1058 3328 1118 3370 eis
1162 3327 1452 3380 assignantur,
1497 3326 1764 3374 remanetque
1789 3322 2028 3373 jurisdictio
2062 3322 2173 3363 Petri

329 3387 523 3436 primatui
565 3387 864 3439 subordinata,
916 3388 976 3427 ita
1017 3391 1062 3426 ut
1101 3387 1156 3426 ad
1199 3399 1314 3426 usum
1363 3389 1405 3424 et
1448 3382 1694 3425 exercitium
1738 3381 1791 3421 ab
1834 3395 1882 3428 eo
1924 3382 2172 3434 dependeat.

326 3446 465 3498 (Nota
495 3447 706 3498 editoris.)
1460 3462 1463 3464 ’
