2326 3854
922 146 1583 204 ———-176—-—

324 331 586 384 supremae
624 313 801 384 cuique
839 312 1086 385 potestati
1135 313 1331 366 modum
1370 314 1639 385 praefixit,
1690 314 1742 366 in
1782 314 2177 370 aedificationem

323 400 530 468 scilicet,
570 419 672 454 non
710 401 764 452 in
802 399 1210 453 destructionem.
1288 398 1436 453 Hanc
1474 419 1623 454 unam
1662 410 1966 473 potestatem
2004 420 2179 474 supre-

322 506 454 540 mam
492 488 786 560 plenamque
824 505 935 540 cum
974 505 1067 540 nos
1096 486 1434 554 admittamus,
1475 505 1563 541 cur
1600 497 1744 540 tanta
1771 488 1831 540 de
1858 488 2178 543 monarchico

320 575 568 646 regimine
608 573 865 627 contentio
906 575 1026 627 est?

472 661 557 714 13.
635 659 801 714 Video
850 660 930 714 hic
969 658 1012 712 F
1017 661 1279 715 ebronium
1330 661 1694 734 repositurum,
1749 682 1803 716 se
1855 682 1955 733 non
2009 683 2179 734 quem-

322 765 551 817 cunque,
602 747 690 800 sed
729 748 1054 803 excessivum
1092 757 1290 801 tantum
1330 767 1538 821 carpere
1588 768 1851 823 supremae
1902 760 1952 803 et
1998 752 2179 822 plenae

320 832 618 887 Pontificiae
657 834 925 905 potestatis
962 854 1140 904 usum,
1181 854 1272 890 seu
1306 836 1478 908 potius
1519 837 1758 906 abusum,
1797 857 1894 907 quo
1935 848 2048 910 post
2085 839 2178 891 fal-

319 939 404 974 sas
442 919 877 974 Pseudo-Isidori
933 921 1213 976 decretales
1261 922 1523 995 disciplina
1571 923 1891 993 antiquorum
1931 939 2177 979 canonum

319 1009 574 1074 exolevit,
628 1008 933 1079 summisque
970 1007 1303 1063 Pontificibus
1341 1009 1685 1082 incompetens
1722 1009 1915 1064 tributa
1951 1021 2178 1084 potestas

318 1106 397 1149 est
445 1096 719 1167 derogandi
768 1096 1010 1167 antiquae
1061 1096 1354 1168 disciplinae
1417 1107 1467 1150 et
1526 1097 1763 1168 legitimis
1812 1095 2177 1171 Episcoporum

317 1183 859 1256 Metropolitarumque
907 1183 1256 1251 facultatibus,
1304 1185 1629 1238 conciliorum
1679 1205 1875 1256 quoque
1926 1204 2026 1239 non
2073 1196 2180 1239 tam

316 1271 697 1343 particularium
745 1291 896 1342 quam
941 1271 1255 1343 generalium
1293 1273 1570 1326 canonibus
1629 1291 1811 1344 magno
1851 1273 2017 1326 studio
2058 1292 2178 1327 con-

316 1357 462 1422 ditis,
514 1367 567 1409 et
603 1375 699 1410 usu
737 1368 889 1428 atque
937 1359 1272 1413 observantia
1313 1361 1470 1413 totius
1507 1358 1773 1414 Ecclesiae
1819 1360 2175 1432 comprobatiS,

316 1444 448 1514 quod
501 1443 556 1496 in
614 1444 1008 1498 destructionem
1074 1446 1267 1516 antiqui
1322 1446 1510 1500 sinceri
1559 1447 1693 1519 juris
1749 1456 1900 1517 atque
1957 1451 2175 1519 optimae

314 1530 707 1585 Ecclesiasticae
743 1530 1082 1586 institutionis
1122 1533 1323 1599 cedens,
1361 1533 1663 1606 irregularis
1703 1545 1754 1588 et
1790 1533 2050 1588 inlimitati
2086 1535 2175 1588 do-

314 1618 536 1672 minatus
572 1618 833 1690 proprium
873 1630 976 1672 est:
1028 1639 1159 1690 quae
1205 1620 1450 1692 primatus
1490 1621 1624 1675 ratio
1671 1621 1913 1693 potestati
1948 1622 2002 1675 in
2041 1609 2176 1677 aedi-

314 1705 597 1759 ficationem
658 1706 923 1760 institutae
978 1725 1192 1778 prorsus
1248 1726 1569 1780 repugnanS,
1636 1727 1666 1761 a
1725 1709 1926 1764 nemine
1981 1710 2177 1764 defendi

314 1793 531 1865 poterit,
583 1792 683 1845 nisi
743 1793 1020 1847 arbitretur
1082 1793 1360 1848 Pontifices
1414 1814 1485 1848 ex
1539 1795 1760 1868 primatu
1807 1815 1959 1868 posse
2007 1798 2175 1851 omnia

314 1879 466 1933 etiam
522 1880 575 1932 in
631 1880 1045 1935 destructionem.
1139 1881 1282 1936 Haec
1336 1892 1392 1935 ut
1449 1884 1775 1949 refellantur,
1832 1884 2174 1938 necessarium

314 1967 473 2038 primo
514 1977 594 2020 est
634 1967 828 2038 aliquot
866 1967 1021 2020 certis
1059 1968 1319 2041 principiis
1359 1970 1649 2042 explicare,
1700 1971 1815 2040 quid
1851 1971 1904 2024 in
1944 1971 2171 2025 aedifica-

311 2055 519 2120 tionem,
559 2065 612 2108 et
648 2055 764 2124 quid
801 2054 855 2106 in
893 2054 1286 2110 destructionem
1327 2058 1473 2110 cedat
1507 2055 1806 2123 Ecclesiae,
1846 2067 1898 2111 et
1936 2077 2047 2111 cum
2085 2058 2174 2112 iis-

313 2143 424 2195 dem
462 2141 721 2214 principiis
759 2142 1010 2206 conferre,
1050 2161 1181 2212 quae
1217 2143 1271 2196 in
1308 2144 1753 2216 reprehensionem
1793 2145 2103 2203 adducuntur
2143 2165 2172 2199 a

310 2227 355 2280 F
360 2228 569 2282 ebronio
592 2268 606 2294 ,
649 2229 794 2298 quasi
831 2229 1041 2281 abusum
1078 2231 1349 2302 potestatis
1389 2231 1724 2284 aedificationi
1773 2250 1864 2285 seu
1899 2233 2032 2285 bono
2069 2230 2172 2285 Ec-

312 2315 496 2369 clesiae
532 2315 784 2370 infensum
823 2325 963 2369 certo
991 2314 1312 2369 contineant:
1350 2328 1527 2388 postea
1551 2337 1676 2373 vero
1703 2337 1830 2389 quae
1855 2329 2173 2392 opponuntur

311 2422 381 2456 ex
420 2402 858 2458 Pseudo-Isidori
895 2402 1230 2457 decretalibus
1267 2404 1464 2481 facilius
1502 2404 1831 2477 disjicientur.

937 2691 1356 2766 CAPUT
1420 2695 1550 2767 IV.

308 2851 624 2914 Explicatur
656 2867 913 2911 quaenam
942 2856 1013 2898 sit
1041 2868 1102 2897 ea
1133 2868 1380 2914 suprema
1412 2859 1463 2898 et
1487 2855 1647 2914 plena
1671 2859 1900 2914 potestas
1917 2854 2171 2900 Romanis

309 2911 649 2971 Pontificibus
691 2911 966 2958 tribuenda
997 2928 1055 2958 su
1096 2928 1160 2957 ra
1189 2913 1474 2972 facultates
1505 2913 1553 2958 Ε
1591 2917 1775 2975 iseopis
1809 2921 2164 2976 competentes,

309 2979 359 3016 et
389 2977 443 3018 in
487 2971 900 3031 aedificationem
939 2971 1044 3018 Ece
1068 2976 1205 3018 esiae
1242 2973 1455 3019 tradita.
1578 2975 1903 3034 istinquenda
1936 2977 2168 3034 potestas

309 3031 372 3077 ab
405 3032 633 3091 ejusdem
663 3048 788 3086 usu,·
827 3047 922 3077 nec
963 3048 1026 3078 ex
1070 3032 1335 3086 abusibus,
1381 3037 1473 3092 qui
1499 3038 1746 3094 potestati
1776 3033 2038 3079 tribuendi
2065 3047 2166 3078 non

306 3099 440 3147 sunt,
469 3093 562 3138 sed
593 3108 657 3137 ea·
685 3096 808 3138 vitio
831 3092 1153 3139 abutentium
1185 3093 1475 3149 dimanant,
1508 3098 1625 3154 ipsa
1649 3099 1882 3154 potestas
1911 3094 2165 3155 neqanda.

433 3155 435 3157 ’
557 3151 640 3197 De
671 3151 869 3198 actibus
900 3151 1220 3198 abutentium
1252 3153 1448 3199 illicitis
1478 3154 1570 3198 secl
1597 3168 1700 3198 non
1730 3155 1910 3199 irritis.

457 3271 506 3324 l.
583 3269 720 3324 Dum
765 3270 1035 3341 loquimur*
1064 3271 1124 3325 de
1172 3281 1426 3344 potestate
1477 3270 1824 3328 Romanorum
1862 3270 2164 3334 Antistitum

305 3356 357 3408 in
395 3356 652 3412 limitando
693 3367 746 3412 et
782 3358 1089 3412 moderando
1118 3377 1213 3411 usu
1251 3359 1540 3412 facultatum
1576 3355 1976 3429 Episcopalium,
2015 3377 2164 3428 quam

308 3443 654 3498 limitationem
713 3445 1207 3515 moderationemque
1267 3441 1504 3499 Christus
1566 3462 1667 3496 non
1727 3444 2015 3509 constituit,
2075 3445 2162 3497 sed
