2326 3854
905 162 1302 218 ——2236
1403 194 1566 205 -——-

310 342 432 378 vero
473 325 519 378 ei
557 327 849 381 auctoritati
895 327 1121 398 quamvis
1168 329 1414 382 infallibili
1452 328 1750 384 dissidentes
1789 352 1888 386 non
1934 349 2161 407 pareant,

308 412 389 466 vel
442 414 716 485 majoribus
772 415 933 467 turbis
990 414 1230 469 excitatis
1288 416 1496 487 gravius
1553 417 1824 488 resistant3
1881 422 2021 476 utilia
2081 428 2162 479 vel

309 500 464 554 etiam
501 494 792 555 necessaria
830 501 1003 555 haberi
1040 513 1258 574 queunt,
1310 514 1362 557 et
1399 506 1568 559 habita
1607 517 1724 559 sunt
1763 509 2005 580 ejusmodi
2043 529 2163 564 con-

309 587 439 654 cilia,
480 599 536 641 ut
572 588 916 644 dissensiones
957 601 1381 663 componerentur
1418 592 1632 660 facilium
1673 605 1724 648 et
1759 596 1843 650 vel
1880 592 2164 652 dubitantes

307 676 370 728 ad
406 676 648 728 unitatem
687 675 1080 743 adducerentur,
1119 679 1200 733 vel
1253 678 1586 750 pertinacium
1634 685 1950 738 contumacia
1999 688 2164 758 palam

306 763 468 815 fieret.
545 761 658 816 Hoc
695 782 877 819 novum
929 782 1152 819 examen
1201 775 1353 837 atque
1390 767 1626 839 judicium
1677 771 1805 824 sicut
1855 772 1977 825 nihil
2016 793 2163 846 prae-

299 848 492 920 judicat
530 851 823 906 auctoritati
861 862 913 906 et
949 853 1289 907 infallibilitati
1329 852 1660 909 conciliorum
1679 860 2010 929 generalium,
2049 872 2164 933 post

306 955 436 1007 quae
475 937 627 1008 aliqui
665 939 815 993 dubia
863 950 914 994 et
959 941 1274 994 difficultates
1325 943 1703 1013 produxerunt,
1754 955 1812 997 ut
1849 948 1910 1000 de
1950 945 2162 1003 Chalce-

306 1024 518 1078 donensi
556 1027 845 1082 definitione
869 1028 1101 1094 vidimuS‚
1140 1039 1256 1101 post
1292 1048 1442 1100 quam
1479 1032 1541 1084 ob
1582 1035 1972 1104 compescendos
1996 1034 2162 1109 Euty-

305 1114 600 1168 chianorum
638 1126 804 1169 motus
843 1135 1027 1171 novum
1058 1116 1298 1188 judicium
1323 1115 1504 1172 Leone
1528 1120 1838 1191 Imperatore
1875 1123 2163 1194 postulante

305 1202 368 1255 ab
407 1203 626 1256 omnium
665 1202 1042 1275 provinciarum
1067 1202 1333 1279 Episcopis
1373 1206 1595 1260 habitum
1633 1207 1759 1275 fuit3
1797 1208 1870 1262 ita
1895 1229 1990 1265 nec
2013 1229 2162 1283 prae-

296 1290 525 1362 judicant
550 1290 889 1346 infallibilitati
913 1291 1241 1364 Apostolicae
1274 1294 1586 1366 generalium
1612 1295 1936 1350 conciliorum
1954 1297 2160 1370 judicia,

304 1396 432 1449 quae
470 1396 603 1432 novo
642 1379 882 1432 examine
921 1397 1102 1434 causae
1137 1379 1191 1432 in
1229 1381 1439 1435 eundem
1478 1382 1625 1435 finem
1667 1383 1933 1454 aliquando
1959 1386 2162 1438 fuerunt

302 1465 554 1519 instituta.

451 1550 764 1625 Quandoque
803 1555 956 1610 etiam
994 1564 1163 1628 potest
1201 1574 1315 1610 esse
1354 1556 1489 1610 utilis
1537 1557 1618 1612 vel
1670 1559 1964 1612 necessaria
2001 1577 2159 1631 gene-

302 1640 425 1694 ralis
463 1641 647 1713 synodi
684 1643 998 1710 convocati0‚
1039 1653 1305 1714 antequam
1331 1642 1581 1698 Pontifex
1619 1644 1923 1699 definitivam
1961 1658 2161 1701 senten-

301 1729 424 1781 tiam
462 1730 757 1802 pronuntiet
793 1731 846 1784 iu
886 1731 1100 1785 materia
1137 1731 1279 1797 fidei,
1332 1731 1378 1785 si
1433 1732 1493 1786 de
1541 1732 1839 1803 quaestione
1877 1733 2161 1805 dogmatica

303 1827 487 1888 agatur
535 1818 660 1871 adeo
709 1818 933 1891 implexa
981 1829 1032 1872 et
1078 1819 1322 1884 obscura,
1379 1828 1435 1871 ut
1472 1819 1618 1893 Papa
1660 1821 1849 1894 judicet
1895 1839 1995 1873 non
2046 1837 2161 1875 esse

302 1905 650 1972 decidendam,
690 1916 777 1959 aut
813 1925 915 1960 non
954 1907 1198 1979 expedire
1243 1907 1404 1980 ipsam
1443 1907 1672 1962 decidere
1721 1909 1910 1978 absque
1960 1910 2161 1963 consul-

301 1993 494 2047 tatione
533 1994 717 2066 synodi
754 1994 1135 2062 oecumenicae,
1173 1995 1226 2048 in
1265 2014 1364 2066 qua
1399 1992 1666 2067 Episcopis
1704 1995 1862 2049 totius
1899 1995 2160 2051 Ecclesiae

300 2099 409 2134 rem
447 2082 846 2147 discutientibUS,
884 2083 1132 2137 catholica
1155 2083 1364 2137 traditio
1401 2092 1454 2136 et
1479 2083 1674 2137 veritas
1710 2083 1906 2136 facilius
1947 2084 2159 2138 certius-

301 2188 397 2240 que
435 2169 762 2241 dignoscatur
800 2170 861 2223 ab
902 2170 1161 2237 omnihus,
1201 2179 1254 2224 et
1290 2170 1633 2243 oppositiones
1673 2171 1961 2226 contrariae
1998 2173 2160 2226 mani-

299 2257 478 2311 festius
535 2258 828 2325 solvantur,
880 2259 1142 2330 aditusque
1189 2258 1543 2331 praecludatur
1592 2257 1740 2313 novis
1788 2258 2160 2314 difficultatibus

301 2355 452 2416 atque
488 2346 813 2418 gravioribus
852 2345 1117 2415 scissuris,
1164 2365 1294 2417 quae
1330 2345 1617 2400 Ecclesiam
1665 2346 1949 2400 turbarent.
2025 2339 2160 2402 Hinc

300 2433 430 2487 sicut
466 2433 796 2488 infallibilitas
834 2432 1010 2507 Papae
1058 2434 1112 2487 in
1149 2434 1364 2488 materia
1419 2433 1531 2487 fidei
1581 2434 1904 2487 conciliorum
1943 2452 2160 2506 genera-

299 2523 420 2574 lium
470 2522 763 2576 auctoritati
811 2541 916 2575 non
961 2522 1256 2595 opponitur,
1315 2540 1410 2576 nec
1461 2521 1787 2575 infallibilitas
1835 2522 2159 2576 conciliorum

299 2620 554 2682 repugnat
621 2610 960 2664 infallibilitati
1014 2608 1191 2682 Papae
1250 2608 1442 2681 (neque
1509 2609 1639 2663 enim
1709 2609 1803 2662 duo
1870 2608 2158 2664 infallibiles

298 2707 524 2769 pugnant
560 2698 696 2751 inter
734 2716 809 2764 se,
847 2715 1011 2768 neque
1047 2715 1334 2770 repugnare
1359 2695 1607 2768 queunt):
1647 2696 1735 2748 sed
1760 2695 1921 2749 altera
1946 2697 2155 2750 alteram

291 2787 456 2857 juvat,
478 2785 789 2855 validiusque
809 2786 1137 2851 corroborat,
1171 2803 1231 2838 ac
1255 2803 1325 2838 ex
1350 2794 1566 2854 utraque
1584 2783 1637 2836 in
1657 2801 1808 2835 unum
1833 2784 2157 2857 conspirante

300 2873 525 2927 maxima
549 2873 777 2928 soliditas
805 2883 855 2926 et
881 2873 1128 2927 certitudo
1155 2872 1419 2939 exoritur,
1454 2870 1629 2942 qualis!
1641 2870 1724 2926 vel
1759 2872 1820 2924 ab
1849 2870 2156 2926 adversariis

300 2962 579 3015 admittitur
603 2961 658 3014 in
690 2961 885 3016 unitate
923 2962 1260 3015 membrorum
1291 2978 1400 3013 cum
1437 2959 1616 3032 capite.
1692 2955 1875 3029 Neque
1909 2959 2156 3012 alterutra

299 3050 550 3121 superflua
575 3048 672 3103 dici
696 3059 882 3122 potest,
910 3049 998 3103 sed
1022 3058 1237 3118 utraque
1257 3048 1423 3118 aliquo
1452 3048 1597 3101 modo
1618 3046 1927 3111 necessaria,
1954 3063 2018 3099 ne
2038 3045 2156 3098 sub-

298 3138 399 3191 lata
425 3157 496 3191 ex
521 3155 622 3190 una
645 3147 792 3209 parte
816 3135 1167 3191 infallibilitate
1187 3134 1360 3208 Papae
1387 3145 1620 3208 oporteat
1646 3151 1844 3206 semper
1870 3150 2155 3187 convocare

298 3226 537 3297 generale
575 3225 855 3291 concilium,
896 3235 951 3277 ut
988 3223 1192 3278 dissidia
1230 3223 1364 3278 circa
1397 3223 1541 3278 fidem
1575 3219 1914 3295 peremptorio
1951 3220 2152 3273 decreto

299 3312 628 3380 definiantur3
679 3331 746 3366 ex
788 3314 949 3366 altera
996 3331 1120 3368 vero
1172 3330 1237 3365 ne
1285 3310 1336 3364 in
1387 3311 1708 3383 generalibus
1752 3307 1984 3362 conciliis
2022 3307 2152 3361 desit

299 3400 604 3467 auctoritas,
654 3419 752 3470 qua
789 3399 1091 3454 dissidentes
1129 3399 1325 3453 facilius
1377 3397 1663 3468 certiusque
1709 3396 2053 3462 instruantur,
2101 3405 2152 3449 et

300 3489 666 3542 contumacium
704 3489 972 3560 detegatur
1009 3487 1352 3560 perversitaS‚
1391 3495 1444 3539 et
1481 3484 1856 3558 comprimatur.
