2326 3854
981 160 1150 167 ,ψ-
1244 127 1330 184 44
1419 161 1596 169 .,--

367 291 486 345 Non
545 311 610 346 ex
655 296 770 366 jure
807 294 1019 347 Patrum
1059 271 1303 360 Concilii3
1354 294 1403 346 hi
1454 294 1695 365 siquidem
1745 313 1835 367 per
1886 308 1990 361 se,·
2021 295 2221 349 etiamsi

367 379 629 434 collective
681 379 1016 453 accipiantur,
1068 399 1176 433 cum
1226 380 1409 434 subditi
1457 391 1508 435 et
1555 381 1825 435 inferiores
1876 381 1978 434 sint
2025 400 2216 435 summo

366 463 631 532 Pontifice,
670 469 743 520 uti
782 468 943 539 capite
983 466 1213 536 sequenti
1238 467 1298 536 §-
1325 466 1414 521 ΙΙΙ.
1454 468 1848 522 demonstraturi
1886 474 2072 536 sumuS,
2109 469 2219 520 nul-

366 553 463 606 lam
499 554 552 605 in
589 554 751 626 ipsum
791 552 1104 624 superiorem
1151 572 1294 607 suum
1322 574 1330 579 ’
1339 554 1742 626 jurisdictionem
1792 555 1993 629 proprie
2039 555 2217 608 dictam

365 639 620 704 obtinent,
672 649 758 691 aut
807 640 1039 693 obtinere
1076 651 1281 710 queunt.
1359 639 1533 695 Solum
1571 642 1634 695 iis
1676 643 1982 707 canonibuS,
2041 642 2218 712 quibus

367 725 546 777 summi
582 723 861 779 Pontifices
900 727 1098 782 assensi
1144 737 1292 793 sunt,
1337 727 1410 780 ita
1447 722 1863 801 obstringuntur,
1914 729 1988 781 uti
2026 728 2129 781 suis
2169 738 2219 781 et

363 812 812 883 praedecessorum
853 814 1046 885 legibus
1085 814 1401 885 obligantur,
1455 833 1580 888 quas
1619 835 1777 886 aeque
1817 836 1876 871 ac
1922 833 2097 869 sacros
2136 833 2217 868 ca-

364 917 524 951 nones
564 917 619 952 se
658 909 956 954 servaturos
1004 900 1120 953 olim
1169 900 1222 952 in
1273 901 1578 954 solemnibus
1629 903 2023 973 professionibus
2068 901 2218 955 etiam

356 987 687 1058 jurejurando
725 987 938 1040 firmatis
972 987 1352 1059 pollicebantur.
1426 987 1479 1040 Id
1521 997 1689 1041 autem
1729 1006 1831 1040 non
1860 988 1961 1061 juri
2001 989 2219 1039 humano

364 1073 592 1128 coactivo
630 1073 963 1138 tribuendum,
1005 1074 1091 1127 sed
1129 1078 1183 1126 vi
1218 1078 1529 1137 directione,
1566 1086 1633 1129 ut.
1661 1078 1819 1148 ajunt,
1858 1076 1922 1127 id‘
1945 1084 2025 1128 est
2051 1073 2219 1127 altiori

355 1160 460 1231 juri
496 1159 717 1212 naturali
754 1169 906 1230 atque
943 1159 1141 1227 divino,
1181 1163 1310 1232 quod
1347 1162 1542 1234 exigit,
1591 1173 1648 1214 ut
1683 1162 1736 1214 in
1774 1163 1867 1228 iis,
1919 1179 2047 1232 quae
2085 1161 2218 1213 bono

362 1247 557 1318 publico
597 1247 872 1300 constituta
909 1256 1056 1312 sunt,
1095 1249 1325 1320 superior
1361 1251 1633 1321 praecedat
1671 1250 1934 1321 exemplo,
1973 1267 2067 1302 nec
2105 1247 2218 1301 aliis

362 1333 711 1387 violandarum
750 1335 916 1405 legum
953 1334 1087 1388 viam
1127 1335 1365 1406 aperiat,
1399 1337 1529 1406 quo‘d
1566 1336 1619 1388 in
1636 1350 1640 1354 ·
1657 1354 1890 1407 magnum
1930 1336 2216 1390 scandalum

366 1419 581 1473 cederet.
926 1432 930 1435 ·

511 1507 562 1558 2.
638 1505 920 1561 Bossuetus
958 1508 1011 1561 in
1049 1526 1283 1562 sermone
1321 1510 1383 1562 ad
1420 1511 1638 1563 celebria
1676 1501 2061 1564 Comitia'Cleri
2096 1507 2217 1561 Gal-

363 1592 512 1645 licani
551 1592 719 1646 habito
762 1593 977 1648 Parisiis
1027 1613 1111 1647 an.
1155 1595 1315 1649 1681.
1365 1595 1682 1668 distinguens
1729 1597 1866 1650 inter
1917 1605 2218 1668 potestatem

364 1679 631 1751 Apostolis
671 1690 722 1733 et
758 1679 919 1734 Petro
957 1681 1228 1747 traditam,
1274 1682 1436 1748 illam,
1486 1701 1635 1753 quam
1686 1702 1848 1752 super
1887 1681 2066 1735 omn‘es
2104 1685 2218 1735 sine

362 1771 702 1820 restrictione
739 1766 797 1820 S.
837 1766 1000 1822 Petro
1040 1787 1071 1822 a
1105 1766 1313 1822 Christo
1351 1770 1582 1823 collatam
1622 1771 1884 1823 confessus
1922 1778 2018 1834 est,
2057 1768 2217 1821 nullos

363 1855 489 1908 alios
526 1854 800 1910 terminos,
824 1856 1013 1909 habere
1064 1856 1358 1922 affirmavit,
1415 1856 1516 1910 nisi
1564 1875 1690 1926 quos
1736 1855 2038 1928 praescribit
2087 1851 2217 1906 RE4

370 1940 598 1996 GULA.
689 1943 814 1995 Elle
861 1947 912 1994 n'
951 1963 986 1995 a
1035 1946 1130 1995 des
1179 1944 1374 1996 bornes
1424 1962 1525 2013 que
1575 1946 1736 2005 celle,
1784 1962 1886 2012 que
1933 1944 2109 1995 donne
2161 1944 2217 1994 la

366 2029 650 2083 REGLE.
728 2027 871 2083 Haec
910 2039 1079 2083 autem
1117 2029 1320 2100 regula,
1374 2029 1454 2082 cui
1490 2030 1697 2083 suberat
1741 2029 1870 2082 idem
1908 2025 1966 2081 S.
2003 2026 2215 2094 PetruS,

362 2116 447 2187 qui
484 2136 648 2186 snper
687 2135 865 2169 omnes
904 2120 1018 2170 sine
1055 2120 1395 2170 restrictione
1420 2118 1705 2188 praefectus
1744 2118 1926 2180 fuerat,
1964 2115 2103 2167 nulla
2127 2115 2215 2167 lex

360 2203 578 2256 humana
615 2221 729 2258 esse
768 2212 998 2276 poterat,
1047 2203 1136 2256 sed
1182 2202 1428 2255 naturalis
1475 2212 1673 2256 tantum
1721 2221 1783 2256 ac
1820 2202 2016 2267 divina,
2065 2219 2215 2271 quam

359 2291 706 2346 indicavimus.
782 2289 893 2344 Hac
940 2290 1000 2343 de
1049 2308 1202 2343 causa
1240 2288 1476 2343 Gelasius
1518 2291 1664 2362 epist.
1708 2290 1794 2343 13.
1847 2289 1910 2341 ad
1946 2287 2215 2340 Dardanos

362 2378 594 2451 scripsit:
643 2378 1072 2450 Uniuscujusque
1110 2379 1306 2448 synodi
1329 2381 1671 2430 constitutam
1710 2380 1777 2447 (t.
1807 2376 1859 2428 5.
1889 2373 2046 2429 Conc.
2075 2373 2210 2428 Ven.

361 2465 479 2518 edit.
521 2466 633 2518 col.
656 2462 847 2535 326.),
887 2466 1037 2533 quod
1070 2466 1391 2517 universalis
1431 2465 1712 2518 Ecclesiae
1743 2464 2010 2533 probavit.
2037 2480 2212 2514 assen-

361 2571 468 2613 sus,
503 2571 613 2604 non
651 2554 891 2621 aliquam
927 2553 1099 2623 mayis
1140 2554 1340 2619 exequi
1376 2551 1555 2602 sedem
1584 2567 1729 2617 prae
1759 2553 1952 2602 ceteris
1979 2555 2209 2617 oportet,

361 2657 519 2713 qnam
551 2641 815 2708 primam,
865 2621 1020 2705 quae,
1043 2643 1097 2688 et
1130 2630 1571 2706 unamquamque.
1592 2636 1852 2706 synodum
1877 2647 1996 2687 'saa
2033 2641 2212 2687 aucto-

360 2730 522 2779 ritate
561 2728 862 2794 confirmat,
909 2730 963 2775 et
997 2719 1312 2776 continuata
1348 2721 1718 2776 moderatione
1766 2724 2031 2793 custodit„
2072 2719 2213 2773 ‹Alia

361 2812 542 2866 similia
579 2811 790 2865 aliorum
814 2808 1119 2863 Pontificum
1156 2810 1409 2880 leguntur.
1486 2808 1668 2862 Nullus
1708 2817 1787 2862 est
1822 2806 2088 2880 PrincePS,
2128 2806 2213 2877 qui

359 2900 475 2952 licet
511 2897 634 2951 nulli
670 2899 886 2951 humano
925 2896 1152 2952 coactivo
1184 2896 1290 2968 juri
1327 2895 1513 2961 subsit,
1554 2895 1727 2948 eodem
1763 2898 1946 2948 tamen
1969 2893 2211 2948 directivo

361 2996 412 3039 et
458 2985 677 3039 naturali
721 3002 781 3038 ac
829 2983 996 3038 divino
1039 2985 1158 3055 jure
1209 2983 1313 3036 suis
1365 3000 1562 3052 quoque
1608 2980 1800 3052 legibus
1850 2998 1951 3033 uon
1990 2979 2209 3032 obstrin-

359 3081 539 3144 gatur,
579 3090 644 3125 ne
681 3071 912 3124 destruat
950 3070 1211 3141 exemplo,
1238 3070 1381 3140 *quod
1417 3069 1470 3122 in
1507 3070 1691 3122 bouum
1728 3067 1974 3138 mlblicum
2011 3067 2205 3120 statuit.

361 3155 536 3225 Quare
591 3155 648 3212 S.
706 3156 1010 3211 Ambrosius
1066 3156 1213 3229 epist.
1273 3156 1363 3210 32.
1423 3156 1486 3209 ad
1529 3152 1984 3218 Valentinianum,
2051 3155 2213 3214 Quod

352 3248 768 3316 praescripsisti
792 3247 935 3307 aliis,
973 3243 1153 3314 inquit,
1186 3244 1599 3312 praescripsisti
1634 3247 1687 3292 et
1718 3241 1831 3292 tibi.
1872 3240 2043 3310 Leyes
2071 3243 2208 3292 enim

363 3333 665 3400 Imperator
697 3336 842 3401 fert,
880 3351 1014 3401 quas
1057 3330 1384 3384 PRIMUS
1413 3331 1528 3396 ipse
1565 3323 1850 3381 custodiat.
1927 3324 1998 3378 Et
2035 3325 2207 3386 Theo-

361 3417 532 3473 dosius
567 3437 626 3471 ac
662 3415 1053 3472 Valentinianus
1090 3417 1199 3487 ipse
1236 3414 1302 3468 L.
1345 3417 1394 3468 l.
1435 3411 1560 3468 Cod.
1595 3413 1679 3466 tit.
1723 3413 1808 3466 14.
1883 3415 1971 3467 De
2009 3415 2112 3482 ley.
2157 3420 2210 3465 et
