2326 3854
964 193 1133 201 --·-
1229 179 1330 215 Lvl

349 327 439 371 fuit
470 326 744 372 ordinarium
774 327 951 373 ratione
973 329 1206 387 primatus,
1238 331 1287 370 et
1306 326 1476 372 idcirco
1499 327 1717 385 competit
1732 327 1947 374 Romanis
1962 331 2080 375 Ροιι-

348 387 549 432 tificibus
582 389 784 445 ejusdem
815 389 1035 447 primatus
1074 388 1319 431 heredibus
1354 389 1461 445 Jure
1499 387 1741 431 ordinario.
1803 389 1933 432 Nulli
1963 390 2083 448 Epi-

347 463 487 506 scopo
518 449 605 492 nisi
636 450 975 494 successoribus
998 450 1046 492 S.
1062 448 1194 492 Petri
1225 449 1443 505 competit
1469 449 1732 505 jurisdictio
1764 447 1811 491 in
1834 449 1947 492 alios
1969 449 2081 507 Epi-

348 523 512 566 scopos
535 509 853 567 Apostolorum
885 522 1172 554 successores
1202 508 1494 552 institutione
1528 509 1698 562 divina,
1733 509 1814 552 sed
1842 510 1948 566 jure
1980 515 2083 553 tan-

347 574 443 612 tum
458 569 782 614 Ecclesiastico
816 569 1128 628 quibusdam*
1114 568 1410 626 lusigniorum
1441 569 1616 613 sedium
1633 569 1877 626 Episcopis
1911 569 2086 614 tributa

347 629 460 684 fuit,
501 629 568 673 ita
597 635 749 673 tamen
782 634 834 673 ut
873 645 1026 673 omnes
1068 644 1168 673 cum
1198 629 1537 673 successoribus
1569 630 1617 672 S.
1650 630 1779 673 Petri
1814 631 1860 673 in
1894 630 2084 674 unitatis

345 691 512 734 bonum
546 690 826 747 conspirent:
859 690 1062 748 nihilque
1093 691 1205 733 haec
1234 690 1465 734 institutio
1490 689 1819 734 Ecclesiastica
1850 689 2083 747 praejudi-

347 765 452 793 care
485 755 639 807 potest
666 750 760 806 juri
779 750 827 793 S.
847 750 975 794 Petri
1007 755 1056 794 et
1086 765 1396 795 successorum
1430 751 1545 807 ejus,
1577 751 1699 808 quod
1731 757 1801 794 est
1831 750 2084 795 institutio-

346 809 416 854 nis
449 809 630 853 divinae
634 840 1419 854 ...........................
1438 841 1450 863 ,
1469 841 1994 854 ..................
2005 825 2111 868 pag
2149 807 2202 852 15

464 891 521 935 V.
552 891 885 949 Episcoporum
900 892 1174 950 jurisdictio,
1203 892 1314 936 licet
1333 892 1395 936 sit
1419 891 1722 935 institutionis
1744 891 1944 945 divinae,
1975 892 2082 935 sub-

346 956 418 995 est
447 956 599 995 tamen
626 952 721 1008 Juri
742 953 1045 997 Romanorum
1073 952 1363 1008 Pontificum,
1393 952 1460 997 ita
1490 957 1542 995 ut
1572 951 1875 1008 Episcopales
1905 951 2084 995 illorum

345 1011 594 1055 facultates
626 1012 674 1055 in
704 1013 871 1056 bonum
891 1013 1129 1057 Ecclesiae
1162 1013 1340 1070 possint
1370 1014 1427 1056 ab
1452 1012 1553 1056 istis
1584 1011 1767 1055 limitari
1798 1016 1846 1055 et
1866 1012 2084 1069 restringi

345 1071 497 1131 quoad
528 1087 659 1116 usum
691 1077 740 1116 et
775 1074 1040 1117 exercitium
1045 1099 2073 1117 ...................................
2144 1070 2199 1114 21

463 1154 539 1198 VI.
571 1153 700 1197 Haec
730 1154 938 1199 limitatio
971 1169 1026 1199 ac
1055 1154 1312 1210 restrictio,
1347 1154 1458 1198 licet
1488 1158 1703 1198 versetur
1735 1154 1857 1198 circa
1887 1154 2077 1198 faculta-

343 1217 415 1258 tes
446 1214 797 1272 Episcoporum‚
835 1229 955 1273 quae
984 1216 1034 1259 in
1067 1215 1242 1272 origine
1274 1220 1384 1260 sunt
1409 1215 1527 1272 juris
1559 1214 1724 1270 divini,
1756 1216 1979 1272 quomodo
2012 1230 2080 1258 re-

343 1275 622 1381 gggttiigrgmac
652 1275 896 1320 referenda
928 1275 991 1320 sit
1020 1276 1078 1319 ad
1105 1276 1340 1319 materiam
1361 1274 1627 1332 disciplinae
1659 1281 1708 1319 et
1736 1274 1794 1318 ad
1822 1276 1900 1332 jus
1921 1275 2081 1319 Eccle-
2146 1330 2203 1376 27

1106 1482 1335 1533 CAPUT
1382 1484 1440 1534 ΙΙ.

402 1613 473 1656 De
511 1615 616 1671 Jure
656 1614 961 1658 Romanorum
1000 1613 1275 1658 Pontificum
1316 1619 1364 1658 et
1403 1612 1647 1658 Generalis
1685 1613 1892 1659 Concilii.
1956 1614 2082 1657 Num

343 1674 550 1718 alterum*
566 1675 700 1718 alteri
731 1680 942 1733 praestet
968 1674 1017 1717 in
1048 1674 1239 1719 materia
1267 1674 1389 1718 fidei.
1427 1705 1590 1719 ......
1594 1713 1598 1720 ,.
1610 1705 2075 1718 ................
2147 1670 2206 1717 30

465 1756 500 1812 §.
519 1756 553 1800 Ι.
585 1755 709 1799 Νιιιιι
729 1755 920 1801 Romani
940 1755 1176 1800 Pontificis
1209 1756 1415 1800 definitio
1447 1756 1488 1800 si
1518 1756 1772 1814 praecessit
1799 1756 1947 1814 ipsum
1967 1755 2083 1799 Con-

343 1816 494 1860 cilium
527 1817 766 1873 generale,
805 1822 944 1874 cogat
975 1817 1140 1861 Patres
1173 1816 1385 1870 Concilii,
1424 1817 1492 1860 ita
1523 1822 1577 1861 ut
1609 1833 1698 1861 non
1731 1817 1908 1874 possint
1939 1817 1996 1859 ab
2029 1831 2084 1860 ea

343 1876 610 1928 dissentire3
643 1881 690 1920 et
721 1884 951 1935 quatenus
981 1877 1207 1935 Episcopi
1237 1878 1329 1920 sint
1357 1877 1405 1920 in
1430 1877 1647 1921 Conciliis
1675 1877 1870 1935 judices,
1905 1877 2082 1921 etiamsi

347 1938 493 1981 eidem
525 1909 780 1981 definitioni
810 1938 1036 1981 unitatem
1069 1944 1116 1981 et
1147 1950 1415 1981 consensum
1448 1938 1647 1981 debeant
1678 1943 1915 1995 praestare
1919 1969 2072 1979 ......
2145 1932 2204 1979 30

461 2020 517 2063 Π.
562 2018 690 2070 Quid
728 2019 990 2075 dicendum,
1037 2034 1138 2064 cum
1179 2018 1381 2076 generali
1421 2018 1626 2063 Concilio
1665 2018 1788 2063 nulla
1829 2018 2084 2077 praecessit

341 2079 586 2124 Pontificia
616 2078 824 2124 definitio
828 2111 1014 2124 .......
1028 2089 1032 2091 “
1033 2109 2074 2124 ...................................
2144 2076 2204 2121 36

1095 2227 1323 2278 CAPUT
1362 2222 1445 2278 Ill.

402 2360 472 2402 De
499 2343 606 2416 jure
638 2372 907 2403 summorum
923 2357 1197 2403 Pontificum
1229 2363 1276 2402 et
1298 2357 1577 2442 generalium
1596 2357 1934 2403 Conciliorum
1919 2374 1967 2404 m
1987 2373 2081 2404 ma—

339 2420 471 2464 teriis
504 2419 784 2478 disciplinae.
819 2450 2074 2464 ..........................................
2095 2426 2099 2429 ’
2145 2417 2204 2461 43

462 2502 501 2558 §.
539 2499 577 2545 l.
641 2500 712 2544 De
745 2500 1010 2545 Canouibus
1051 2501 1317 2559 disciplinae
1356 2495 1493 2560 editis
1526 2500 1581 2544 in
1620 2501 1826 2571 generali
1863 2499 2083 2553 Concilio,

342 2562 511 2620 quibus
551 2561 747 2605 accessit
785 2574 998 2605 assensus
1038 2574 1122 2605 seu
1160 2559 1439 2604 confirm'atio
1481 2561 1640 2604 summi
1676 2555 1950 2606 pontificis.
1981 2560 2080 2606 Hos

341 2636 540 2665 canones
571 2621 671 2679 ipse
715 2620 854 2664 debet
886 2621 1132 2665 observare
1175 2635 1263 2665 non
1292 2622 1398 2678 Jure
1431 2613 1679 2664 eorundem
1711 2635 1954 2678 canonum,
1999 2620 2082 2664 sed

341 2682 493 2726 altiori
523 2680 724 2726 naturali
756 2695 810 2725 ac
841 2677 1022 2737 divin0,
1066 2681 1230 2740 quibus
1259 2680 1397 2725 iidem
1426 2675 1675 2726 Pontifices
1715 2682 2080 2740 obstringuntur.
2143 2679 2203 2723 43

466 2763 522 2807 Π.
555 2763 682 2806 Adeo
715 2778 826 2807 vero
858 2762 945 2807 hoc
975 2762 1130 2807 altiori
1159 2762 1359 2809 naturali
1392 2763 1640 2822 divinoque
1668 2764 1775 2820 jure
1808 2765 1868 2808 ad
1897 2778 2085 2808 exsecu·
2147 2803 2150 2806 .

341 2824 512 2868 tionem
544 2830 591 2867 et
613 2822 949 2867 observantiam
970 2838 1193 2867 canonum
1217 2822 1498 2882 disciplinae,
1530 2824 1744 2882 quamdiu
1763 2824 1936 2880 vigent,
1969 2823 2084 2867 obli-

341 2891 510 2941 gantur
541 2883 698 2928 summi
718 2883 982 2938 Pontifices,
1016 2889 1069 2927 ut
1099 2882 1206 2928 licet
1238 2899 1320 2942 pro
1352 2899 1565 2942 suprema
1597 2900 1682 2928 sua
1714 2888 1946 2942 potestate
1976 2897 2080 2942 pos-

342 2946 435 2988 sint
465 2945 513 2988 in
542 2944 655 3003 ipsis
689 2943 983 3003 dispensare,
1026 2943 1102 2988 vel
1133 2944 1315 2988 eosdem
1347 2945 1483 2989 etiam
1526 2943 1768 3003 aliquando
1801 2944 2082 3004 restringere

341 3005 415 3050 vel
448 3011 650 3059 mutare3
680 3020 771 3049 non
800 3010 952 3049 tamen
985 3005 1195 3062 debeant,
1227 3021 1285 3049 ne
1318 3005 1442 3050 licite
1471 3005 1520 3049 id
1552 3006 1730 3065 possint
1753 2997 1929 3073 absque
1952 3003 2088 3061 legi-⁴

341 3065 448 3110 tima
482 3068 631 3110 causa.
667 3095 2072 3110 ...............................................
2142 3059 2201 3105 45

459 3148 537 3192 ΙΠ.
583 3147 873 3202 criminatio,
904 3162 1024 3206 quae
1054 3146 1296 3192 multorum
1328 3148 1432 3193 odio
1467 3154 1516 3194 et
1541 3146 1744 3223 invidiae
1775 3127 2080 3205 Apostolicam

342 3209 663 3254 auctoritatem
692 3182 904 3267 exponit,
935 3208 1164 3266 disiecta..
1182 3242 1193 3252 .
1213 3239 1226 3252 .
1243 3240 1256 3251 .
1274 3240 1286 3253 .
1304 3239 1317 3251 .
1335 3238 1347 3252 .
1365 3241 1376 3252 .
1393 3239 1407 3254 .
1425 3239 1438 3254 .
1453 3241 1466 3253 .
1484 3240 1497 3252 .
1512 3219 1534 3252 ,³
1544 3239 1574 3251 ..
1575 3235 2074 3251 .................
2140 3202 2202 3249 48

1097 3356 1326 3408 CAPUT
1363 3356 1445 3406 lV.

402 3482 472 3527 De
506 3484 753 3528 canonibus
786 3482 1052 3545 disciplinae
1081 3484 1130 3527 in
1161 3481 1365 3540 generali
1396 3479 1586 3525 concilio
1620 3479 1776 3535 editis,
1810 3479 1890 3538 qui
1920 3477 2079 3522 Ponti-

342 3544 445 3588 ficio
479 3559 704 3590 consensu
735 3559 819 3588 seu
850 3540 1191 3589 confirmatione
1223 3547 1394 3587 carent.
1424 3569 2068 3586 ......................
2139 3533 2199 3583 50
