2326 3854
688 222 1332 282 —175—

111 409 276 456 usum,
324 399 469 460 prout
522 390 572 440 in
620 386 879 441 Ecclesiae
932 388 1111 439 bonum
1159 384 1397 456 expedire
1435 384 1764 455 judicaverit3
1812 406 1912 440 non

108 485 273 528 tamen
321 475 479 545 possit
525 491 697 526 omnes
745 491 916 525 eorum
962 472 1221 524 facultates
1269 470 1330 522 ad
1389 487 1446 522 se
1489 470 1766 535 attrahere,
1822 491 1914 525 nec

108 560 244 630 ipsos
298 559 451 629 quasi
493 576 611 610 suos
663 557 878 611 vicarios
935 556 1156 619 efficere,
1221 573 1381 624 neque
1435 555 1686 608 dioeceses
1741 575 1913 609 omnes

110 645 251 714 quasi
289 662 448 720 suam·
473 642 735 695 dioecesim
787 641 996 706 habere3
1045 639 1266 708 sequitur
1311 658 1412 692 non
1448 658 1596 692 unum
1631 639 1824 712 Papam
1861 642 1915 693 in

107 739 216 780 tota
251 727 505 794 Ecclesia,
551 726 637 778 sed
682 735 731 778 et
765 723 1040 795 Episcopos
1076 723 1278 776 insuis
1327 726 1559 794 cujusque
1608 726 1913 779 dioecesibus

108 916 219 950 men
255 895 670 960 ecclesiasticum,
719 895 795 948 cui
831 893 974 964 Papa
1018 903 1068 946 et
1104 892 1338 964 Episcopi
1386 895 1670 964 praesident
1715 897 1915 949 instituss

106 981 242 1034 tione
287 981 485 1045 divina,
532 998 632 1032 non
687 998 799 1032 esse
854 997 988 1031 mere
1041 979 1434 1044 monarchicum‚
1491 990 1544 1032 ut
1597 981 1650 1032 in
1688 981 1915 1052 Regibus

107 1067 308 1131 saeculi,
346 1067 431 1119 sed
466 1084 578 1118 esse
615 1065 838 1136 regimen
876 1083 945 1117 ex
981 1064 1292 1116 monarchico
1329 1075 1380 1117 et
1415 1065 1758 1120 aristocratico
1783 1068 1916 1119 mix-

106 1161 225 1216 tum,
262 1161 316 1202 ut
353 1148 551 1205 Gerson
588 1150 766 1219 aliique
804 1147 938 1201 Galli
991 1158 1244 1200 notarunt.
1319 1146 1449 1215 Quid
1496 1152 1626 1218 quod
1671 1152 1779 1222 ipse
1814 1150 1916 1206 Fe-

107 1236 309 1289 bronius
366 1237 454 1288 hac
507 1235 559 1287 in
615 1253 670 1287 re
723 1234 989 1288 convenire
1045 1242 1245 1285 coactus
1305 1234 1424 1297 fuit,
1493 1235 1604 1285 dum
1658 1237 1915 1306 regiminis

107 1320 447 1374 Ecclesiastici
482 1319 722 1372 rationem
770 1318 846 1371 his
882 1317 1050 1372 verbis
1093 1317 1326 1388 exposuit
1365 1317 1437 1388 (c.
1481 1319 1530 1372 l.
1582 1319 1628 1386 §.
1666 1320 1719 1374 S.
1770 1339 1822 1373 n.
1861 1323 1912 1374 5.

106 1415 143 1458 t.
187 1407 235 1457 1.
274 1425 390 1476 pag.
429 1404 558 1475 27):
606 1406 734 1457 Cum
771 1405 1015 1455 Ecclesia
1051 1422 1158 1454 non
1198 1407 1252 1454 in
1289 1423 1393 1455 uno
1424 1407 1668 1471 populo,
1715 1425 1822 1458 non
1859 1411 1917 1458 in

105 1510 210 1544 uno
250 1492 392 1542 orbis
429 1492 624 1559 ‹1⁷19qu
673 1494 742 1541 sit
789 1491 1022 1548 inclusa,
1066 1490 1163 1539 sed
1187 1507 1293 1556 per
1330 1495 1492 1540 totum
1528 1493 1778 1543 mundum
1813 1495 1915 1560 dif-

101 1581 259 1645 fusa,
308 1583 367 1628 ut
411 1577 732 1643 impossibile
793 1578 862 1626 sit
913 1591 1073 1625 unum
1126 1574 1360 1625 omnibus
1411 1593 1571 1641 posse
1624 1578 1916 1637 intendere,

107 1678 411 1729 semperque
459 1663 642 1712 melius
683 1665 1026 1728 prospectum
1076 1658 1423 1726 Reipublicae
1466 1663 1620 1734 nimis
1665 1669 1916 1723 remotae,

107 1751 154 1799 si
189 1766 223 1798 a
253 1749 496 1814 propriis
528 1747 803 1804 Dominis,
837 1764 945 1796 non
982 1748 1349 1805 mercenariis,
1385 1753 1638 1814 reyatur:
1674 1765 1780 1797 non
1819 1766 1915 1798 ex-

102 1834 258 1900 pedit
289 1833 373 1882 illi
402 1835 586 1898 forma
620 1833 886 1898 reyiminis
923 1830 1282 1890 monarchica,
1319 1849 1454 1899 quae
1485 1833 1656 1898 facile
1691 1833 1828 1883 solet
1860 1836 1916 1884 in

107 1919 479 1984 despotismum
515 1918 814 1975 declinare,
850 1917 995 1983 quod
1029 1922 1108 1966 est
1140 1922 1330 1967 contra
1363 1923 1611 1967 naturam
1647 1921 1914 1986 reyimini-5

107 2003 452 2053 ecclesiastici
494 2004 548 2052 in
600 2004 823 2053 caritate
890 2006 941 2050 et
988 2000 1279 2052 humilitate
1321 2003 1543 2068 fundati
1588 2039 1773 2054 .....
1822 2003 1920 2054 sed

105 2105 202 2139 nee
240 2098 310 2138 ecc
347 2088 519 2137 altera
548 2093 708 2153 parte
745 2086 1029 2151 expediret
1074 2088 1352 2152 imperium
1397 2105 1540 2137 mere
1588 2089 1915 2138 aristocrati-

106 2190 248 2235 cum‚
285 2189 401 2222 cum
435 2173 506 2222 sit
538 2187 709 2231 semen
746 2171 1167 2230 discordiarum,
1196 2174 1361 2238 proin
1398 2175 1573 2223 unitas
1608 2175 1703 2223 vix
1733 2179 1919 2239 posset

106 2260 327 2308 servari.
413 2253 583 2322 Atque
629 2257 706 2306 ita
749 2258 1012 2306 institutus
1067 2275 1101 2329 a
1155 2257 1276 2307 Deo
1331 2264 1413 2307 est
1454 2260 1720 2323 primatus
1775 2259 1917 2316 talis,

108 2343 316 2410 qualem
353 2359 423 2392 ecc
459 2345 668 2393 sincera
703 2343 1016 2408 antiquitate
1054 2341 1142 2391 hic
1177 2342 1544 2402 describimus,
1597 2345 1674 2393 ad
1707 2361 1915 2394 servan·

108 2429 230 2478 dam
275 2429 529 2478 unitatem
575 2429 832 2496 apprime·
863 2427 1098 2477 idoneus.
1174 2421 1274 2490 Qui
1317 2444 1409 2478 nec
1465 2444 1599 2479 mere
1636 2426 1917 2479 monarchi-

108 2529 246 2573 cum‚
301 2528 392 2562 nec
446 2529 581 2575 mere
634 2509 1028 2561 aristocraticum
1082 2509 1306 2578 regimen
1344 2508 1601 2563 Ecclesiae
1648 2512 1916 2565 convenire

108 2595 342 2659 affirmat3
392 2594 601 2646 mixtum
638 2594 805 2663 utique
842 2612 910 2646 ex
946 2604 1155 2662 utroque
1193 2596 1430 2665 approbet
1465 2613 1672 2648 necesse
1710 2606 1815 2648 est:
1867 2607 1916 2650 et

107 2665 497 2743 monarciiicum
534 2680 722 2749 quidem
758 2680 941 2730 fatetur
978 2680 1137 2746 quoad
1181 2697 1418 2731 summum
1458 2678 1778 2746 Pontificem,
1834 2683 1917 2750 qui

109 2766 316 2816 donatus
365 2764 574 2834 primatu
618 2768 700 2816 ad
757 2767 1072 2817 servandam
1119 2768 1369 2816 unitatem
1418 2770 1658 2833 apprime
1707 2769 1916 2827 idoneo,

110 2866 212 2900 non
249 2848 313 2900 sit
349 2849 571 2915 aequalis
606 2857 852 2919 potestate
887 2846 1147 2918 Episcopis
1185 2848 1393 2912 cete1·iS‚
1444 2866 1507 2900 ne
1544 2850 1605 2900 ob
1644 2850 1916 2918 aequalita-

109 2943 208 2986 tem
238 2931 368 3004 juris
413 2932 635 3002 regimen
684 2933 751 2989 sit
798 2950 932 2985 mere
978 2931 1401 2998 aristocratic'um,
1449 2934 1575 3001 quod
1626 2950 1731 2987 cum
1783 2942 1918 2988 esset

110 3036 281 3070 semen
327 3018 743 3076 discordiarum,
800 3021 976 3070 unitas
1020 3014 1277 3069 Ecclesiae
1336 3021 1429 3069 via:
1468 3027 1651 3085 posset
1696 3025 1914 3072 servari.

111 3101 184 3153 Ut
220 3102 352 3154 inter
386 3099 660 3172 Episcopus
699 3110 927 3154 servetur
950 3102 1145 3166 -unitaS‚
1180 3118 1309 3153 unus
1345 3100 1570 3154 omnibus
1607 3104 1750 3156 debet
1772 3122 1916 3175 prae-

113 3205 253 3250 esse,
300 3185 377 3238 cui
421 3204 590 3238 omnes
629 3186 730 3237 sint
778 3185 1109 3249 subordinati‚
1157 3187 1555 3253 quemadmodum
1607 3206 1642 3240 c.
1688 3188 1736 3238 1.
1776 3198 1826 3240 et
1862 3190 1912 3240 2.

112 3259 404 3323 monuimus.
456 3269 525 3322 Ut
560 3279 721 3322 autem
748 3259 1016 3323 declinetur
1041 3274 1386 3339 despotismus
1423 3273 1546 3340 ejus,
1584 3272 1668 3340 qui
1691 3273 1915 3326 omnibus

111 3364 334 3425 praeest,
382 3354 489 3406 cum
523 3354 568 3406 is
616 3364 831 3423 nequeat
877 3373 988 3407 esse
1036 3353 1380 3407 subordinatus
1423 3356 1547 3420 illis,
1597 3357 1771 3426 quibus
1801 3361 1916 3429 jure

111 3439 350 3510 primatus
387 3438 658 3508 praesidet3
705 3439 913 3492 sufficiet
947 3440 1033 3492 lex
1069 3441 1151 3492 illa
1188 3440 1351 3492 divina
1389 3460 1448 3493 ac
1486 3442 1749 3508 naturalis,
1789 3460 1915 3512 qnae
