2326 3854
986 191 1161 198 ———
1258 158 1398 214 104·
1472 191 1648 205 -ψ

393 321 558 374 habito
596 321 801 378 Juliano
830 324 1093 379 Cardinali
1131 323 1385 394 objicienti
1424 323 1622 376 litteras
1662 332 1967 376 memoratas
2006 343 2095 395 pro
2123 343 2244 377 cou-

390 407 670 463 tinuatione
718 411 1031 464 Basileeusis
1078 407 1295 464 Concilii
1344 409 1605 483 respondit
1656 408 1758 481 (uti
1802 418 2021 462 testatur
2067 408 2245 464 Cardi-

388 496 519 549 nalis
540 496 941 552 Turrecremata
969 495 1154 569 [Card.
1184 496 1513 552 Tui-reorent.
1544 495 1686 550 Sum.
1709 496 1768 548 de
1793 493 1989 549 EccleS.
2019 515 2062 550 c.
2093 497 2245 569 100.]

391 583 475 653 qui
514 584 671 639 eidem
711 584 1011 655 congressui
1035 583 1322 655 interfuit):
1364 586 1480 639 Nos
1507 587 1722 656 quidem
1747 585 1877 636 bene
1895 602 2249 653 progressum

389 674 610 724 concilii
646 673 1083 740 approbavimus,
1119 674 1358 726 volentes
1384 680 1445 726 ut
1460 674 1806 742 procederet,
1843 678 1905 724 ut
1940 674 2246 739 inceperat3

388 776 498 809 non.
537 765 714 810 tamen
754 762 1173 829 approbavimus
1215 765 1328 832 ejus
1380 763 1626 812 decreta.-
1684 776 1812 828 quae
1850 759 2006 812 verba
2045 756 2248 809 omnino

389 852 583 895 certum
623 845 844 899 efficiunt
881 846 1085 900 inanem
1126 864 1241 899 esse
1279 865 1488 918 prorsus
1528 863 1703 898 eorum
1742 845 1935 910 nisum,
1985 843 2069 914 qui
2108 842 2247 898 Con-
2316 896 2319 897 γ

388 928 691 984 stantiensia
729 935 934 987 decreta
970 934 1024 986 in
1061 932 1352 986 Basileensi
1399 932 1728 1004 reproducta‚
1781 933 1842 985 ab
1879 930 2113 1002 Eugenio
2151 929 2245 986 IV.

391 1018 669 1088 approbata
707 1021 863 1076 fuisse
903 1021 1230 1074 contendunt.

534 1105 584 1159 6.
660 1106 718 1160 In
759 1109 835 1161 his
875 1118 1040 1161 autem
1093 1106 1304 1176 aliisque
1352 1105 1622 1171 similibus,
1663 1124 1791 1176 quae
1827 1105 2108 1178 longiorem
2148 1104 2249 1158 dis-

385 1191 698 1263 putationem
747 1196 1098 1266 requireient,
1151 1212 1379 1264 quaeque
1426 1203 1665 1264 quantum
1705 1212 1775 1247 ex
1822 1212 1923 1246 una
1961 1202 2107 1265 parte
2154 1211 2248 1264 pro

387 1279 694 1335 adstruenda
731 1281 1029 1355 Apostolica
1079 1301 1253 1335 eorum
1292 1281 1609 1335 decretorum
1649 1280 2028 1335 confirmatione
2080 1280 2249 1332 multis

388 1366 667 1421 efferuntur
706 1371 767 1422 ab
799 1369 1053 1442 Episcopo
1093 1367 1376 1434 Meldensi,
1415 1378 1611 1421 tantum
1651 1387 1722 1422 ex
1761 1369 1926 1421 altera
1963 1369 2249 1420 refutantur

386 1453 642 1509 uberrime
691 1475 722 1509 a
773 1453 1034 1510 Cardinali
1085 1456 1269 1522 Ursi0‚
1331 1457 1449 1509 nolo
1501 1455 1684 1509 diutius
1735 1456 1953 1509 lectores
2003 1453 2248 1520 detinere,

387 1558 499 1593 cum
538 1554 889 1614 argumentum
931 1555 981 1598 et
1019 1544 1224 1599 brevius
1264 1553 1315 1596 et
1351 1542 1633 1598 evidentius
1670 1542 1793 1594 mihi
1829 1551 2036 1614 praesto
2074 1541 2142 1594 sit
2179 1559 2249 1595 ex

384 1625 611 1698 ipsorum
650 1631 1059 1686 adversariorum
1100 1630 1432 1701 concessione
1478 1629 1842 1695 deducendum,
1894 1628 2024 1699 quod
2063 1646 2250 1682 memo-

386 1724 612 1769 ratorum
671 1719 988 1772 decretorum
1014 1704 1506 1772 ¹Constantiensium
1565 1717 1666 1771 vim
1733 1733 1941 1788 prorsus
2003 1715 2154 1770 elidet
2199 1726 2250 1770 et

385 1800 645 1874 infringet.
723 1805 842 1859 Vim
882 1806 1016 1860 enim
1053 1806 1276 1878 ipsorum
1317 1806 1633 1859 decretorum
1670 1804 1743 1857 illi
1781 1822 1852 1857 ex
1891 1823 1951 1857 eo
1990 1803 2248 1875 colligunt,

388 1891 516 1960 quod
559 1909 619 1944 ea
657 1893 759 1946 sint
798 1893 1002 1948 decreta
1041 1892 1255 1947 Concilii
1293 1891 1580 1964 generalis,
1631 1903 1681 1946 et
1731 1891 2026 1946 confirmata
2065 1909 2095 1943 a
2132 1891 2250 1945 sede

386 1976 706 2050 Apostolica.
784 1979 917 2035 Peto
958 1990 1143 2047 autem,
1181 1977 1298 2033 num
1338 1980 1511 2033 eadem
1549 1981 1752 2034 decreta
1790 1977 2102 2032 constituant
2136 1978 2249 2031 fidei

387 2064 586 2136 dogma,
626 2085 656 2120 a
695 2086 792 2138 quo
834 2087 978 2122 nemo
1018 2068 1265 2141 potuerit,
1298 2076 1393 2120 aut
1429 2063 1591 2139 possit
1627 2063 1865 2116 recedere
1904 2066 2092 2136 absque
2130 2067 2249 2119 hae-

386 2153 516 2205 resis
555 2157 716 2211 nota?
775 2153 986 2209 Certum
1027 2163 1196 2210 estet
1233 2154 1417 2207 multos
1454 2153 1507 2205 in
1553 2151 1663 2223 ipso
1704 2148 2090 2206 Constantiensi
2133 2163 2250 2225 post

387 2257 559 2292 eorum
599 2242 916 2296 decretorum
955 2243 1252 2307 editionem,
1303 2251 1352 2294 et
1389 2240 1566 2293 deinde
1605 2237 1756 2291 etiam
1795 2239 2147 2311 quamplureS‚
2198 2249 2249 2293 et

386 2325 679 2382 Gallicanos
718 2349 917 2401 quoque
966 2350 1068 2384 non
1106 2347 1292 2402 paucos
1331 2328 1518 2382 eisdem
1566 2325 1783 2379 decretis
1833 2327 2149 2398 refragatOS‚
2198 2335 2250 2379 et

386 2415 545 2470 adhuc
583 2418 867 2490 refragari,
917 2419 1000 2489 qui
1049 2429 1222 2472 tamen
1267 2417 1405 2469 nulla
1452 2417 1757 2479 haereseos·‚
1811 2424 1897 2468 aut
1933 2413 2249 2487 perniciosae

386 2504 732 2560 contumaciae
771 2524 987 2560 censura
1027 2507 1087 2559 ab
1126 2505 1250 2577 ipsis
1300 2501 1610 2558 adversariis
1647 2502 1938 2567 inuruntur,
1976 2510 2035 2554 ut
2071 2501 2249 2556 velex

383 2587 638 2644 Bossueto
686 2592 839 2665 (Vid.
893 2593 1116 2646 Dissert.
1157 2609 1329 2663 praev.
1395 2590 1442 2658 §-
1482 2589 1573 2641 45.
1623 2597 1659 2641 t.
1702 2589 1752 2640 1.
1803 2607 1850 2660 p.
1890 2588 1985 2642 41.
2032 2586 2150 2640 Lib.
2191 2587 2245 2640 6.

384 2674 599 2731 Defens.
656 2680 720 2732 al.
766 2680 851 2733 10.
906 2698 950 2733 c.
995 2679 1080 2733 19.
1146 2697 1262 2750 pag.
1299 2677 1427 2732 ·.509
1490 2685 1529 2727 t.
1570 2674 1656 2747 2.)
1707 2674 1878 2746 liquet.
1957 2671 2091 2742 Quid
2135 2675 2246 2728 ita‘?

384 2762 563 2819 Bonae
619 2766 733 2820 fidei
799 2777 850 2820 et
905 2765 1310 2821 inadvertentiae
1373 2762 1577 2816 nomine
1647 2780 1736 2815 eos
1791 2763 1870 2816 hic
1926 2763 2248 2816 excusandos

352 2847 354 2849 ’
387 2861 548 2923 putat.
626 2852 677 2905 A
710 2859 871 2925 yravi
907 2862 1052 2908 certe
1089 2861 1246 2915 nota,
1295 2851 1486 2922 inquit,
1535 2854 1791 2903 immunes
1831 2870 1943 2904 esse
1982 2870 2090 2903 non
2123 2869 2247 2920 pos-

385 2948 519 3001 sent,
555 2944 663 2994 nisi
699 2943 841 2995 bona
873 2946 985 3012 fide
1037 2949 1283 3012 agentes,
1330 2953 1440 2992 non
1478 2942 1609 2992 satis
1649 2946 1855 2992 attenta
1892 2958 1952 2992 re
1992 2941 2250 2990 excusari

386 3028 698 3082 viderentur
750 3069 941 3083 .....
1008 3029 1134 3083 Non
1195 3031 1333 3081 enim
1384 3029 1640 3098 plerique
1695 3029 2040 3096 prospiciunt
2099 3028 2247 3086 satis,
2301 3087 2307 3092 ,

388 3118 642 3169 doctrina
693 3120 915 3171 concilii
959 3119 1381 3170 Constantiensis
1430 3134 1588 3185 quam
1626 3118 1695 3167 sit
1742 3109 1997 3166 incertis
2035 3114 2246 3166 casibus

394 3204 674 3257 Ecclesiae
713 3209 1043 3267 necessaria,
1083 3208 1176 3275 qui
1213 3223 1371 3257 casus
1409 3222 1529 3256 cum
1567 3206 1932 3272 infrequentes
1970 3203 2101 3262 sint,
2137 3219 2246 3252 non

388 3310 570 3343 omnes
616 3294 789 3361 facile
861 3312 1045 3345 eorum
1106 3293 1467 3347 cavendorum
1524 3291 1891 3342 necessitatem
1941 3290 2243 3341 advertunt.

386 3375 461 3428 At
504 3398 630 3447 quae
668 3380 802 3444 bona
839 3379 981 3445 fides,
1020 3397 1226 3449 quaeso,
1266 3397 1395 3448 quae
1431 3374 1800 3434 inadvertentia
1838 3392 2090 3428 excusare
2127 3391 2245 3446 pos<

388 3473 466 3518 set
503 3464 556 3516 in
597 3483 680 3531 re,
726 3466 779 3520 in
819 3485 915 3537 qua
965 3466 1219 3536 generalis
1260 3463 1473 3519 Concilii
1522 3471 1662 3516 certa
1700 3461 1985 3532 dogmatica
2023 3459 2244 3515 definitio
