2326 3854
701 235 1292 289 myst„—

103 416 170 452 ex
221 397 498 450 definitione
553 397 682 448 edita
736 405 879 465 atque
931 394 1185 448 Ecclesiae
1239 386 1498 463 proposita*
1551 391 1757 443 oriatur.
1833 393 1886 445 In

102 483 335 553 ejusmodi
380 468 809 543 dissensionibus,
847 498 969 548 quae
1018 498 1082 532 ex
1123 476 1482 531 difficultatibus
1519 476 1630 529 hinc
1666 476 1778 530 inde
1815 479 1889 529 in-

102 567 284 637 gestiS,
322 566 431 617 dum
467 564 655 617 veritas
693 564 972 631 quaeritur,
1009 562 1272 633 provenire
1309 562 1493 626 solent,
1530 561 1642 612 illud
1669 553 1784 614 ⁴fere
1810 580 1890 615 ac-

103 652 243 714 cidit,
280 660 334 701 ut
369 647 581 702 definitio
618 647 896 711 differatur,
936 647 1305 715 quoad‘veritas
1335 645 1591 698 manifeste
1617 645 1888 718 elucescat,

100 736 150 786 in
187 733 452 785 definiendo
489 740 651 783 autem
688 749 934 799 nunquam
970 732 1148 782 factum
1188 741 1288 795 est,
1327 740 1376 783 et
1416 748 1662 798 nunquam
1690 730 1800 795 fiet,
1838 740 1891 781 ut

101 816 308 870 Concilii
354 815 600 886 generalis
649 814 832 867 Patres
879 814 1022 867 aliter
1070 815 1202 867 circa
1245 816 1384 866 fidem
1433 814 1691 877 definiant,
1747 813 1891 868 aliter

98 899 265 972 Papa:
304 919 362 953 ac
398 900 601 971 proinde
638 899 689 951 in
727 899 1012 971 hypothesi,
1062 917 1186 967 quae
1235 917 1483 968 nunquam
1500 886 1622 951 >Afuit
1659 910 1743 951 aut
1778 900 1890 964 erit,

97 985 241 1037 immo
289 1002 379 1037 nec
417 999 528 1037 esse
564 987 756 1055 potest',
809 980 906 1035 non
944 994 1020 1036 est
1056 985 1391 1035 laborandum.
1467 972 1595 1035 Dixi‘
1629 971 1893 1054 nunquam

91 1073 200 1138 fuit
211 1067 256 1138 ¹)
282 1069 333 1120 in
359 1069 582 1138 generali
606 1069 794 1121 scilicet
818 1063 1014 1138 synodo
1034 1068 1290 1132 libera,‘ut
1315 1068 1641 1120 excludantur
1666 1061 1890 1121 Pseudoss

97 1154 301 1225 synodi,
326 1154 407 1204 -in
457 1154 627 1223 quibus
675 1154 811 1204 fraus
861 1170 949 1204 seu
986 1154 1062 1206 vis
1101 1162 1151 1205 et
1186 1163 1346 1205 metus
1385 1153 1687 1217 dominetur,
1743 1164 1798 1204 ut
1835 1154 1892 1205 de

95 1238 400 1291 Ariminensi
437 1247 487 1290 et
523 1234 995 1307 Pseudo-Ephesina
1032 1236 1274 1302 diximus,
1300 1239 1438 1306 'quae
1474 1237 1725 1307 generalis
1758 1235 1891 1289 Con-

97 1323 191 1375 cilii
233 1341 416 1387 nomen>
456 1316 506 1374 et
539 1322 637 1375 vim
675 1330 924 1390 nequeunt
961 1322 1202 1374 obtinere.
1251 1321 1454 1373 'Addidi
1502 1341 1598 1374 nec
1645 1341 1756 1373 esse
1795 1341 1892 1390 po-

95 1415 209 1459 test.
284 1400 422 1459 Sicut
467 1406 595 1459 enim
642 1399 750 1458 fieri
795 1406 991 1475 nequit,
1045 1415 1100 1456 ut
1122 1404 1279 1458 'Petri
1316 1425 1374 1458 ac
1411 1410 1752 1458 successorum
1791 1407 1892 1474 ejus

93 1490 210 1543 fides
246 1491 325 1543 vel
360 1499 608 1542 momento
632 1490 840 1542 'desinat
876 1508 988 1543 esse
1020 1490 1101 1541 illa
1134 1499 1294 1557 petra
1332 1489 1476 1560 (Vid.
1515 1491 1572 1542 de
1609 1490 1659 1543 vi
1695 1489 1891 1560 primat.

95 1593 137 1627 c.
178 1574 311 1644 12),
350 1575 427 1626 cui
461 1575 590 1626 bono
627 1575 831 1627 unitatis
869 1576 938 1628 ex
964 1573 1154 1628 Christi
1189 1575 1498 1626 institutione
1534 1584 1641 1626 tota
1664 1573 1891 1626 Ecclesia

94 1658 359 1722 catholica,
415 1676 501 1710 seu
547 1659 700 1710 totius
749 1660 1016 1712 catholicae
1061 1658 1318 1710 Ecclesiae
1371 1658 1489 1710 fides
1538 1669 1892 1728 superstructa,

93 1743 143 1794 in
177 1743 366 1795 unitate
402 1743 615 1812 ejusdem
651 1743 762 1795 fidei
799 1743 944 1804 debet
977 1742 1283 1806 consistere3
1330 1742 1402 1792 ita
1446 1741 1554 1794 fieri
1596 1742 1792 1810 nequit,
1842 1752 1894 1792 ut

94 1828 260 1880 eadem
311 1826 534 1879 Ecclesia
583 1836 632 1878 et
680 1825 913 1896 Episcopi
958 1826 1213 1889 catholici,
1278 1825 1454 1877 saltem
1504 1826 1752 1895 plerique,
1810 1828 1892 1878 de-

92 1911 306 1982 sciscant
342 1911 402 1962 ab
440 1929 500 1963 ea
535 1920 704 1981 petra,
730 1920 793 1963 et
830 1906 890 1962 ab
928 1910 1116 1962 unitate
1152 1909 1261 1961 fidei
1297 1907 1442 1977 Petri
1469 1927 1526 1961 ac
1553 1928 1891 1963 successorum

91 1997 197 2066 ejus
243 1995 678 2049 dissentiant-‘sive
713 1995 764 2046 in
803 1989 1050 2058 Concilio,
1101 1994 1206 2048 sive
1244 2002 1393 2045 extra
1430 1991 1733 2059 Concilium,
1784 2014 1891 2048 cum

91 2080 447 2132 institutionem
500 2077 688 2132 Christi
724 2088 826 2132 'nec
873 2076 1127 2142 Ecclesia,
1183 2096 1274 2130 nec
1334 2076 1569 2148 Episcopi
1625 2080 1890 2132 catholicae

90 2162 342 2217 Ecclesiae
387 2164 670 2233 infringere,
704 2174 776 2235 etr
801 2172 992 2215 mutare
1037 2172 1121 2214 aut
1165 2163 1394 2215 deserere
1430 2181 1642 2231 unquam
1678 2164 1887 2235 possint.

91 2247 297 2319 Semper
343 2249 509 2316 itaque
557 2248 817 2317 generalis·
844 2252 909 2300 ac
952 2248 1095 2299 liberi
1145 2245 1355 2300 Concilii
1400 2247 1610 2311 Patres,
1666 2249 1748 2317 qui
1790 2251 1891 2301 una

91 2351 199 2384 cum
247 2331 406 2402 capite
450 2331 668 2401 legitime
717 2332 919 2401 adunati
964 2332 1249 2385 universam
1282 2330 1560 2384 Ecclesiam
1597 2351 1889 2404 repraesen-

89 2425 227 2480 tant,
266 2415 309 2467 si
345 2433 443 2467 non
481 2434 677 2479 omneS,
717 2417 888 2468 saltem
922 2417 1140 2487 plerique
1164 2417 1216 2468 in
1243 2416 1513 2469 definiendo
1540 2417 1890 2487 conspirabunt

90 2518 198 2553 cum
246 2500 525 2552 definitione
569 2500 742 2552 summi
778 2499 1062 2553 Pontificis:
1094 2510 1163 2569 ‘et
1199 2500 1243 2553 si
1279 2501 1359 2568 qui
1396 2501 1539 2570 pauci
1576 2501 1888 2566 dissentiant,

90 2587 273 2637 horum¹
298 2584 530 2654 judicium
582 2595 732 2637 extra
778 2595 968 2655 petram
1018 2595 1073 2653 et
1105 2594 1326 2638 centrum
1364 2585 1630 2638 catholicae
1667 2587 1886 2651 unitatiS,

89 2669 233 2721 immo
270 2670 569 2721 contrarium
604 2669 786 2722 unitati
821 2671 960 2735 fidei,
1006 2689 1129 2740 quae
1164 2669 1487 2740 Apostolicae
1525 2670 1629 2723 sedi
1666 2672 1886 2735 debetur,

90 2753 222 2804 nullo
252 2755 365 2821 jure
401 2754 623 2807 coactive
661 2755 924 2823 gauderet,
969 2755 1315 2826 jurisdictione
1335 2755 1511 2818 nulla,
1569 2774 1693 2824 quae
1732 2758 1886 2808 solum

92 2837 238 2888 habet
283 2837 437 2888 locum'
485 2846 536 2889 et
579 2837 678 2890 vim
723 2837 776 2888 in
818 2839 1008 2892 unitate
1057 2858 1162 2892 cum
1197 2830 1362 2891 Petro
1395 2847 1444 2890 et
1481 2857 1591 2891 cum
1629 2857 1885 2893 successo-

91 2921 224 2973 ribus
260 2919 429 2981 Petri,
465 2930 518 2971 ut
542 2920 605 2971 'in
639 2939 748 2974 eam
786 2923 1024 2996 unitatem
1063 2922 1347 2993 conspirent
1380 2933 1430 2975 et
1464 2925 1747 2989 conferant,
1788 2943 1885 2976 non

138 3119 160 3139 a
213 3088 244 3142 ¹)
276 3091 527 3141 Ineptarhoc
556 3092 670 3138 loco,
703 3092 772 3130 ubi
806 3091 855 3130 de
886 3092 1190 3132 definitionibus
1217 3094 1313 3133 fidei
1343 3095 1658 3144 agimus‚·esset
1677 3095 1883 3145 oppositio

92 3159 143 3187 ex
173 3149 316 3198 quinta
331 3148 520 3200 Synodo,
551 3161 654 3199 quae
684 3150 718 3188 si
750 3150 967 3200 separatim
1000 3163 1025 3188 a
1046 3147 1196 3201 Vigilio
1220 3151 1418 3201 Judicium
1449 3164 1564 3202 suum
1586 3153 1774 3205 protulit,
1805 3164 1884 3191 non

91 3210 223 3244 tamen
257 3206 462 3246 discordia
491 3206 567 3245 fuit
596 3219 767 3257 unquam
800 3208 840 3245 in
871 3208 1101 3246 substantia
1130 3208 1249 3255 fidei,
1283 3209 1357 3247 sed
1387 3209 1428 3247 in
1459 3210 1699 3258 quaestione
1720 3211 1770 3249 de
1793 3222 1883 3260 per-

93 3264 200 3302 sonis
231 3266 406 3317 tantum3
446 3268 488 3304 et
527 3265 570 3303 in
605 3266 696 3316 ipsa
726 3266 964 3315 quaestione
995 3266 1160 3307 Patrum
1191 3267 1368 3316 eJusdcm
1398 3267 1573 3306 Concilii
1606 3267 1776 3307 decreta
1805 3267 1884 3310 vim

92 3322 293 3377 generalis
323 3322 464 3372 synodi
497 3334 577 3362 non
609 3323 808 3374 habuere,
839 3324 917 3362 nisi
948 3327 1162 3374 postquam
1193 3324 1383 3376 vigilius,
1422 3325 1490 3374 qui
1522 3325 1636 3375 prius
1666 3325 1883 3366 dissentie—

93 3379 182 3425 bat,
223 3381 494 3488 peregnptorio
527 3381 684 3429 jndicio
725 3393 962 3423 consensum
1004 3383 1205 3434 praebuit.
1266 3381 1366 3422 Vide
1405 3382 1552 3422 librum
1594 3383 1654 3427 De
1693 3385 1881 3435 primatu,

94 3447 182 3487 cap.
214 3437 281 3476 15.
340 3464 351 3474 .
382 3437 451 3477 10.
483 3448 523 3478 ιι.
545 3439 624 3477 37.
