2326 3854
694 251 1292 306 —93—

102 422 180 475 vel
216 423 319 473 fere
365 418 576 471 omnium
625 417 988 488 provinciarum
1027 414 1311 469 Occidentis
1346 413 1612 476 defectum,
1663 413 1897 481 siquidem

104 505 341 576 supplevit
377 503 631 556 Romanus
666 501 910 555 Pontifex
945 501 1096 554 totius
1132 499 1388 560 Ecclesiae
1425 507 1593 569 caput,
1626 497 1715 566 qui
1752 498 1897 549 rebus

104 590 258 660 gestis
295 606 548 641 assensum
595 606 682 640 seu
730 587 1150 639 confirmationem
1193 583 1446 655 praebuit,
1494 582 1622 635 haud
1657 582 1896 653 intelligo,

105 694 199 744 quo
245 693 372 728 novo
395 675 514 743 jure
564 672 896 724 concedendus
946 671 1174 723 credatur
1226 670 1397 721 titulus
1445 668 1744 722 oecumenici
1782 686 1898 720 con-

105 759 215 812 cilio
254 757 458 821 Pisano,
496 756 548 808 in
585 774 680 825 quo
717 775 817 808 non
854 756 1011 807 solum
1036 765 1112 807 tot
1135 754 1388 826 Episcopi,
1426 755 1509 807 sed
1536 763 1724 807 neuter
1749 753 1897 806 etiam

104 864 131 896 e
169 842 570 897 contendentibus
606 840 929 893 Pontificibus
965 840 1206 905 interfuit,
1243 840 1295 891 in
1333 841 1506 909 quibus
1543 858 1689 891 unum
1727 839 1899 891 saltem

104 939 217 981 ante
270 927 621 998 depositionem
672 945 844 980 verum
907 938 955 980 et
1017 927 1284 997 legitimum
1351 926 1502 977 fuisse
1563 924 1739 994 negari
1799 941 1899 975 non

101 1022 288 1084 potest:
339 1023 388 1064 et
424 1031 523 1064 non
559 1021 749 1063 tantum
798 1022 973 1065 neuter
1009 1013 1159 1064 rebus.
1203 1010 1360 1081 gestis
1398 1028 1656 1062 assensum
1678 1019 1745 1062 >et
1783 1026 1899 1061 con-

102 1098 427 1150 firmationem
478 1097 697 1167 generali
749 1098 938 1167 synodo
994 1097 1323 1149 necessariam
1380 1096 1536 1159 dedit,
1596 1095 1681 1146 sed
1736 1094 1900 1165 potius

101 1182 333 1236 dissensit
385 1192 436 1236 et
480 1181 784 1235 contradixit
826 1191 1052 1251 uterque.
1137 1180 1315 1250 Neque
1366 1179 1625 1232 existimes
1675 1180 1900 1231 sufficere

102 1268 517 1320 confirmationem
554 1266 835 1319 Alexandri
870 1266 939 1321 V.
980 1267 1061 1336 qui
1108 1275 1221 1337 post
1255 1264 1607 1336 depositionem
1646 1266 1899 1316 amborum

102 1353 491 1405 contendentium
530 1353 715 1405 electus
752 1362 864 1404 acta
900 1352 1043 1422 hujus
1080 1351 1257 1421 synodi
1295 1350 1599 1422 approbavit.
1677 1348 1734 1402 Si
1770 1351 1897 1402 enim

101 1437 225 1490 haec
256 1439 470 1508 synodus
509 1456 578 1490 ex
615 1438 850 1490 hactenus
887 1436 1164 1494 observatis
1205 1445 1390 1494 certam
1428 1435 1727 1488 oecumenici
1764 1433 1899 1488 Con-

101 1522 199 1574 cilii
230 1523 576 1585 ,auctoritatem
608 1526 711 1574 'non
738 1522 912 1588 habet,
950 1521 1231 1574 Alexandri
1268 1540 1458 1590 quoque
1489 1520 1551 1575 V.
1579 1521 1630 1572 in
1669 1539 1729 1573 ea
1754 1521 1900 1574 electi

102 1607 369 1659 auctoritas
404 1607 594 1661 incerta
619 1608 843 1659 idoneam
869 1607 1285 1660 confirmationem
1309 1607 1548 1676 praebere
1572 1624 1672 1658 non
1696 1607 1897 1677 poterit.

100 1691 237 1743 Nihil
274 1693 436 1761 itaque
481 1692 605 1745 certi
654 1693 722 1744 ex
760 1691 948 1744 Pisana
984 1692 1205 1763 synodo,
1255 1710 1380 1760 quae
1427 1702 1504 1743 tot
1550 1710 1619 1743 ex
1663 1692 1899 1762 capitibus

102 1787 272 1842 nutat,
338 1796 426 1848 pro
485 1777 879 1831 adversariorum
935 1777 1191 1830 sententia
1237 1777 1477 1848 suppetit,
1533 1778 1682 1846 quod.
1713 1788 1899 1830 certam

101 1863 399 1916 oecumenici
435 1863 631 1915 concilii
668 1863 1008 1915 auctoritatem
1045 1863 1299 1932 praeferre
1337 1873 1504 1932 queat.

244 1948 327 2000 13.
402 1947 530 2000 Hinc
567 1966 686 2002 sane
722 1967 880 2017 neque
926 1948 1225 2001 schismatici
1268 1967 1427 2016 neque
1477 1949 1712 2002 haeretici
1747 1949 1901 2001 habiti

100 2042 243 2097 sunt,
282 2032 364 2101 qui
403 2033 629 2086 alterutri
666 2033 981 2086 contendenti
1030 2034 1186 2086 adhuc
1231 2042 1343 2103 post
1378 2031 1616 2086 Pisanam
1655 2036 1898 2105 synodum

99 2119 226 2171 bona
272 2120 363 2171 fide
406 2118 764 2184 adhaerebant,
822 2129 872 2173 et
918 2117 1214 2171 Alexandro
1252 2117 1319 2172 V.
1367 2119 1631 2171 noluerunt
1677 2121 1899 2190 obsequi,

99 2222 191 2256 nec
215 2202 452 2255 Pisanam
487 2213 717 2274 tanquam
756 2205 1118 2258 oecumenicam
1143 2204 1406 2259 voluerunt
1444 2222 1734 2273 agnoscere.
1790 2205 1900 2258 Hac

101 2288 159 2340 de
196 2307 251 2340 re
286 2287 427 2339 initio
465 2286 866 2342 Constantiensis
904 2291 1196 2360 disputatum
1232 2289 1567 2353 vehementer,
1605 2308 1712 2341 cum
1746 2290 1900 2343 Joan-

100 2391 190 2425 nes
213 2371 408 2424 XXIII.
447 2373 726 2425 Alexandri
759 2391 1016 2426 successor
1051 2375 1248 2428 volebat
1283 2375 1336 2425 in
1373 2392 1432 2427 ca
1467 2384 1629 2426 ratum
1667 2385 1717 2427 et
1753 2394 1899 2428 oecu-

99 2457 336 2510 menicum
372 2459 672 2529 propugnari
709 2459 968 2512 concilium
1004 2458 1269 2520 Pisanum,
1318 2478 1380 2512 ne
1427 2460 1605 2512 suimet
1641 2460 1812 2512 electio
1849 2460 1899 2512 in

101 2542 290 2602 dubium
338 2553 616 2597 vocaretur.
701 2546 775 2596 At
820 2545 870 2595 id
902 2542 945 2612 ¹)
992 2563 1092 2596 non
1141 2546 1299 2616 potuit
1345 2545 1570 2597 obtinere
1627 2545 1900 2598 obsistente

99 2629 389 2698 praesertim
435 2625 687 2681 Cardinali
735 2630 793 2682 de
837 2629 1057 2694 Alliac0,
1114 2630 1196 2699 qui
1248 2631 1363 2683 licet
1411 2630 1604 2683 concilii
1651 2632 1900 2701 generalis

101 2713 334 2781 potestati
381 2714 583 2777 favenS,
644 2714 911 2784 legitimum
959 2716 1184 2768 crederet
1226 2714 1466 2768 Pisanum
1518 2716 1802 2781 concilium,
1851 2727 1901 2770 et

104 2795 266 2847 onmia
301 2796 352 2846 in
390 2814 448 2848 eo
486 2799 721 2856 canonice
757 2809 927 2868 gesta,
977 2817 1141 2851 rerum
1179 2809 1343 2853 tamen
1381 2811 1432 2854 et
1478 2812 1732 2872 gestorum
1768 2803 1899 2856 veri-

102 2890 205 2932 tate
243 2879 400 2933 victus
436 2882 583 2933 fateri
619 2882 805 2946 debuit,
853 2901 952 2935 non
988 2883 1205 2937 minores
1243 2885 1551 2938 difficultates
1599 2889 1900 2958 superfuisse

102 2975 213 3036 post
250 2966 404 3036 ipsum
442 2965 683 3018 Pisanum
721 2967 975 3019 concilium
1012 2968 1144 3020 circa
1187 2970 1474 3023 electionem
1510 2971 1792 3025 Alexandri
1828 2973 1896 3028 V.

103 3052 303 3120 ejusque
342 3050 642 3103 successoris
678 3049 886 3103 Joannis
922 3050 1116 3104 XXIII.
1166 3072 1308 3122 quam
1347 3055 1460 3108 illac
1506 3058 1727 3118 fuerant,
1772 3076 1899 3126 quae

228 3250 262 3302 ¹)
292 3253 398 3310 Hinc
438 3257 559 3295 etiam
598 3257 639 3294 in
677 3257 984 3295 Constantiensi
1025 3261 1186 3297 cautum
1231 3258 1412 3305 videtur,
1461 3272 1511 3299 ne
1541 3261 1690 3300 Pisana
1721 3262 1899 3313 synodus
1945 3252 1953 3260 ⁸

104 3315 319 3350 vocaretur
359 3314 545 3354 absolute
592 3316 805 3354 concilium
850 3317 1065 3366 generale3
1116 3317 1187 3355 sed
1227 3320 1497 3367 congregatio
1540 3319 1626 3358 fere
1669 3322 1897 3372 appellata:

106 3367 289 3421 Fuitque
318 3371 471 3430 ibidem
501 3372 647 3426 (Pisis)
681 3385 836 3423 magna.
870 3376 1155 3425 congregatio,
1189 3387 1315 3427 quam
1333 3381 1540 3417 vocarunt
1571 3380 1795 3419 concilium
1823 3393 1897 3430 ge-

105 3431 245 3468 nerate
264 3431 484 3481 utriusque
503 3433 773 3473 obedientiae.
828 3433 929 3473 Vide
950 3435 1158 3484 articulos,
1191 3447 1290 3484 quos
1312 3442 1611 3486 proposuerunt
1634 3440 1898 3478 commissarii

105 3487 264 3526 concilii
295 3488 405 3527 circa
435 3490 698 3530 Benedictum
727 3492 834 3533 XIII.
867 3495 897 3530 t.
932 3493 1000 3531 16.
1031 3493 1186 3533 Concil.
1221 3495 1296 3533 col.
1329 3494 1428 3536 641.
1463 3496 1501 3533 d.
