2326 3854
1185 151 1330 190 XXIV

330 304 574 362 Romani
619 303 901 363 Pontificis
959 307 1349 364 infallibilitate
1395 310 1466 363 et
1519 308 1959 381 praeeminentia
2015 313 2176 366 extra

329 391 570 474 Gallias,
607 395 698 451 ubi
730 398 914 451 tamen
945 395 1312 472 gravissimos
1345 411 1567 470 semper
1599 411 1814 470 quoque
1843 394 2033 454 habuit
2062 417 2172 473 pa—

326 487 540 558 tronos,
587 481 808 557 ubique
855 482 1032 540 fuisse
1077 485 1380 559 receptam.
1447 481 1617 540 Neve
1646 501 1817 540 unum
1849 500 1922 540 ex
1952 481 2173 560 Hispa-

325 572 436 644 nis,
483 569 558 627 A.
591 570 890 630 'Postatum
936 569 1174 649 eximas,
1221 573 1313 646 qui
1342 567 1607 650 Eugenio
1629 569 1732 628 IV.
1777 570 2031 629 Pontifici
2061 574 2173 628 im-

323 657 626 734 prudenter
673 661 868 735 iratus,
906 658 1148 733 juvenili
1193 659 1401 736 impetu
1448 663 1639 717 contra
1668 658 2016 718 Pontificiam
2062 679 2173 717 au-

322 748 603 804 toritatem
633 748 870 822 scrIpsit.
939 743 1095 804 Idem
1127 749 1272 804 enim
1302 747 1595 820 Testatus,
1642 753 1840 824 postea
1870 747 2173 805 Abulensis

322 832 673 912 EpiscopuS,
722 839 921 911 pacato
967 853 1068 911 per
1114 839 1357 892 aetatem
1403 838 1619 915 animo,
1666 841 1728 894 ut
1770 837 1926 894 nobis
1973 834 2173 912 Spon-

322 922 497 981 danus
543 921 902 999 Apamiensis
948 925 1004 980 in
1050 920 1252 982 Galliis
1286 921 1603 1001 Episcopus
1649 926 1809 983 testis
1857 929 1965 1003 est,
2010 923 2173 982 Pon—

322 1008 522 1068 tificiae
569 1013 880 1069 autoritatis
926 1011 1202 1069 vindicem
1247 1030 1311 1069 se
1359 1012 1625 1071 exhibuIt.
1702 1011 1866 1085 Quod
1911 1013 1983 1070 ad
2014 1010 2173 1070 Ger—

319 1115 515 1156 manos
563 1101 778 1177 attinet,
825 1099 897 1160 cl.
944 1098 1003 1156 J.
1049 1096 1122 1158 G.
1169 1098 1500 1159 Kauffmans
1546 1103 1601 1157 in
1646 1101 2024 1178 Apologetico
2070 1120 2173 1160 suo

321 1182 596 1246 Coloniae
628 1188 816 1247 1767.
850 1189 1146 1267 impresso,
1190 1189 1347 1248 nobis
1381 1206 1443 1246 se
1475 1194 1676 1266 testem
1714 1208 1850 1267 pag.
1880 1189 2026 1249 151.
2059 1206 2173 1247 ex-

319 1275 492 1354 hibet,
542 1278 700 1348 cujus
733 1278 1011 1335 sententia
1039 1277 1184 1334 haec
1216 1280 1333 1337 est:
1381 1275 1636 1355 „Nullus
1662 1276 1980 1354 Episcopus
2015 1275 2173 1335 Ger-

318 1365 560 1437 maniae,
606 1362 822 1441 Bclgii,
870 1363 1174 1423 Flandriae
1221 1363 1407 1423 docuit
1445 1366 1502 1423 in
1539 1363 1779 1440 Synodo
1813 1370 1910 1424 aut
1938 1384 2041 1444 per
2071 1366 2173 1423 lit—

318 1455 472 1508 teras
517 1453 866 1531 pastorales,
913 1450 1069 1510 nulla
1116 1454 1283 1510 etiam
1330 1453 1526 1526 schola
1570 1455 1789 1531 publica
1834 1451 2174 1515 Germaniae

321 1541 607 1616 utriusque
652 1538 840 1600 docuit
885 1539 1275 1598 fallibilitatem
1305 1539 1550 1600 Romani
1594 1539 1949 1602 Pontificis.“
2011 1540 2172 1615 Quae

319 1632 507 1684 autem
553 1645 629 1686 ex
675 1645 744 1687 eo
788 1634 1041 1706 tempore
1086 1631 1143 1685 in
1187 1631 1353 1686 rebus
1400 1631 1575 1686 sacris
1621 1635 1678 1688 et
1707 1630 1956 1706 profanis
2003 1633 2173 1693 inno-

318 1715 484 1774 vandi
526 1714 803 1794 studium,
853 1733 994 1792 opus
1040 1733 1150 1777 non
1196 1721 1283 1774 est
1326 1716 1417 1777 hic
1461 1719 1653 1775 multis
1699 1717 1936 1781 referre.
2029 1718 2175 1792 Quid

320 1820 462 1882 ergo
507 1800 743 1883 mirum,
804 1802 949 1880 quod
993 1804 1292 1864 innovandi
1338 1807 1552 1882 pruritu
1604 1806 1761 1868 multi
1807 1802 2023 1884 abrepti
2066 1811 2175 1865 sint

320 1908 609 1967 novosque
655 1892 923 1950 articulos
969 1889 1325 1971 adoptarint?

452 1978 614 2052 Quod
662 1986 847 2039 autem
878 1980 1332 2041 DeclaratIonem
1378 1981 1448 2038 de
1477 1982 1662 2043 1682.
1711 1980 1880 2041 Sedis
1910 1983 2170 2062 Aposto-

317 2067 463 2125 licae
510 2069 739 2126 oraculo
783 2066 994 2146 pruries
1040 2070 1391 2146 reprobatam
1448 2088 1571 2131 cum
1616 2072 1806 2147 primis
1853 2078 2172 2150 suspectam

320 2173 542 2233 semper
587 2157 830 2215 cordatis
876 2159 1012 2216 viris
1043 2158 1280 2216 reddidit
1325 2176 1533 2235 eosque
1566 2159 1849 2238 adduxit,
1879 2166 1941 2218 ut
1986 2163 2053 2219 ab
2102 2181 2172 2219 ea

321 2249 610 2323 caverent,
657 2244 795 2304 illud
842 2252 950 2324 est,
999 2245 1146 2322 quod
1169 2244 1471 2304 Ecclesiae
1501 2247 1696 2305 hostes
1742 2254 1855 2306 tam
1886 2248 2173 2307 ferventer

316 2334 437 2390 istis
471 2335 815 2410 opinionibus
852 2334 1217 2407 adhaereant,
1252 2352 1352 2412 pro
1398 2337 1576 2410 iisque
1609 2341 1868 2412 tanquam
1913 2356 2013 2414 pro
2058 2340 2171 2395 aris

320 2424 375 2478 ct
420 2420 560 2479 focis
591 2426 862 2499 pugnent.
935 2422 1160 2480 Theses
1193 2424 1417 2485 suerunt
1447 2423 1786 2503 'PheologiS,
1834 2442 1990 2482 arma
2019 2426 2170 2484 hae-

318 2511 507 2566 reticis
562 2514 619 2566 et
662 2509 1150 2586 pseudopoliticis:
1212 2511 1614 2586 disputantibus
1673 2513 1786 2572 illis
1843 2513 1935 2575 isti
1993 2520 2171 2590 agunt

320 2601 376 2654 et
418 2595 740 2655 Ecclesiam
799 2599 1130 2675 opprimunt.
1221 2596 1343 2656 Sed
1393 2600 1530 2657 satis
1589 2599 1659 2656 de
1714 2598 1855 2678 hoc,
1923 2601 2168 2678 reliquos

326 2683 622 2760 ordiamur.

450 2771 656 2852 Quum,
703 2777 763 2830 ut
791 2771 1206 2832 Illustrissimus
1239 2770 1670 2834 Cameracensis
1714 2773 1853 2834 Inst.
1899 2778 2171 2854 pastorali

319 2880 372 2918 a.
403 2860 593 2921 1728.
640 2862 770 2919 data
816 2863 1095 2940 admonet,
1143 2865 1431 2941 „omnium
1459 2862 1871 2923 haereticorum
1914 2867 2168 2946 interest,

317 2949 425 3008 hoc
470 2951 796 3027 principium
842 2954 1121 3011 statuere:
1180 2949 1402 3009 Ulaves
1444 2950 1800 3010 immediate
1845 2953 2169 3011 Ecclesiae

322 3057 361 3092 a
390 3036 637 3096 Christo
675 3039 862 3096 datas
892 3055 1058 3114 esse,-
1105 3039 1376 3115 siquidem
1405 3044 1466 3098 ut
1493 3042 1766 3099 haereses
1795 3042 2165 3116 invalescant,

317 3128 643 3188 necessaria
689 3130 776 3184 est
818 3126 1281 3207 independentia,
1338 3146 1443 3188 nec
1488 3134 1937 3207 possuntssaequo
1983 3132 2165 3191 animo

320 3213 468 3271 ferre
514 3216 825 3292 legitimam
868 3220 1232 3296 potestatem,
1281 3235 1423 3294 quae
1471 3235 1570 3274 eas
1615 3234 1954 3294 oppressura
1999 3216 2164 3291 est;“

318 3301 446 3359 inde
494 3303 720 3382 factum,
765 3307 827 3360 ut
855 3302 1109 3366 Richerii
1142 3322 1363 3364 errores
1394 3322 1532 3380 prae
1563 3308 1765 3363 ceteris
1796 3321 2003 3384 magno
2035 3311 2164 3363 stu-.-

319 3389 408 3449 dio
455 3392 896 3468 propagaverint
924 3391 1253 3455 Janseniani
1285 3397 1342 3450 et
1368 3390 1776 3472 Quesnelliani,
1821 3412 2005 3472 genus
2049 3394 2163 3452 ho-

319 3479 525 3545 minum
567 3476 892 3541 Pontificiae
951 3483 1233 3544 autoritati
1290 3481 1755 3561 infensissimum,
1816 3485 1907 3558 qui
1950 3485 2049 3541 toti
2109 3485 2165 3540 in
