2326 3854
1008 144 1177 152 ——-
1278 110 1403 166 100
1495 142 1664 150 ———

406 296 495 349 per
533 277 766 332 nationes
804 278 858 330 in
897 278 1104 350 publicis
1153 278 1466 331 sessionibus
1517 278 1591 330 ita
1638 279 1795 333 fuisse
1847 291 2158 352 computata,
2212 291 2265 332 ut

411 365 584 420 eadem
621 364 700 420 vis
739 375 878 419 esset
914 365 1151 436 suffragii,
1182 364 1402 419 nationis
1441 365 1724 437 Anglicae,
1773 384 1900 436 quae
1948 385 2019 420 ex
2065 369 2263 439 paucis-

405 452 563 518 simiS,
603 471 662 506 ac
699 451 903 506 Italicae
930 462 981 504 et
1017 450 1261 518 Gallicae,
1300 471 1427 523 quae
1466 470 1533 506 ex
1574 453 1803 526 plurimis
1841 451 2106 526 Episcopis
2144 474 2263 509 con·

403 541 628 594 stabant:
670 558 879 609 cumque
920 556 991 591 ex
1029 539 1190 593 sacris
1222 540 1500 594 canonibus
1539 541 1633 594 soli
1673 539 1992 607 CardinaleS,
2031 540 2265 594 Patriar-

403 629 559 693 chae,
608 625 1009 698 Archiepiscopi,
1049 636 1100 680 et
1133 626 1372 700 Episcopi
1409 628 1462 680 in
1499 629 1821 700 generalibus
1858 627 2102 684 Conciliis
2140 648 2264 700 gau-

403 717 581 769 derent
611 717 728 786 jure
767 713 1025 784 suffragii,
1065 714 1118 767 in
1156 715 1250 769 hoc
1288 716 1348 768 ad
1388 716 1680 787 suffragium
1706 717 1966 770 nationum
2004 717 2263 770 ferendum

403 821 577 856 omnes
615 800 1053 854 indiscriminatim
1087 812 1261 856 essent
1299 803 1503 875 admissi
1541 813 1592 857 et
1630 804 1800 858 clerici
1834 814 1886 857 et
1922 804 2064 866 laici,
2112 804 2261 857 etiam

402 888 723 942 matrimonio
755 889 936 960 juncti,
975 908 1069 943 nec
1108 890 1269 944 solum
1308 890 1523 957 nobileS‚
1561 892 1650 944 sed
1686 900 1739 944 vet
1767 890 1966 945 infimae
2006 892 2263 964 abjectae-

401 995 495 1046 que
535 975 707 1048 plebis.

547 1066 598 1118 2‘.
678 1064 762 1117 Ad
797 1074 875 1117 tot
911 1074 1183 1136 tantosque
1221 1084 1395 1120 eorum
1422 1067 1738 1120 decretorum
1766 1066 1918 1120 etiam
1947 1066 2262 1131 essentialeS,

401 1151 580 1221 quibus
619 1152 855 1205 laborant
905 1146 955 1219 et
1011 1163 1221 1219 nutant,
1280 1148 1502 1208 desectus
1542 1154 1797 1207 sanandos
1835 1153 2136 1226 Apostolica
2175 1170 2263 1224 ap-

401 1238 664 1310 probati0,
712 1258 802 1293 seu
842 1240 1187 1306 confirmatio,
1246 1241 1288 1293 si
1340 1259 1557 1311 unquam
1611 1241 1764 1307 aliaS,
1817 1240 1994 1294 fuisset
2042 1239 2263 1292 maxime

400 1326 719 1392 necessaria3
769 1346 927 1397 eaque
965 1346 1068 1380 non
1107 1329 1323 1380 obscura
1363 1338 1449 1380 aut
1487 1328 1748 1400 ambigua,
1797 1328 1886 1381 sed
1924 1344 2173 1399 expressa
2212 1335 2263 1378 et

400 1413 602 1466 omuino
663 1423 836 1480 certa,
894 1433 1021 1484 quae
1078 1433 1181 1467 una
1229 1415 1448 1468 decretis
1504 1426 1604 1469 tam
1662 1417 1887 1469 incertae
1943 1413 2261 1467 auctoritatis

399 1509 572 1572 posset
611 1500 963 1554 certitudinem
1001 1520 1206 1573 parere:
1247 1503 1377 1557 unde
1415 1514 1468 1557 et
1506 1503 1813 1568 adversarii,
1853 1502 1937 1572 qui
1975 1501 2101 1554 alias
2138 1519 2260 1554 con·

401 1591 577 1640 stituta
616 1589 815 1642 concilii
851 1589 1109 1658 generalis
1135 1590 1437 1662 Apostolica
1476 1590 1858 1644 confirmatione
1895 1606 1998 1640 non
2035 1587 2283 1659 indigere.

400 1675 727 1742 existimant,
770 1677 919 1745 ,hanc
969 1674 1454 1731 Constantien's‘ibus
1512 1677 1853 1731 necessariam
1905 1685 2260 1748 agnoscenteS,

399 1762 452 1814 in
490 1765 887 1817 Declaratione
935 1765 1084 1818 Cleri
1121 1765 1255 1819 edita
1293 1783 1376 1817 an.
1409 1766 1568 1819 1682.
1608 1765 1784 1819 iisdem
1823 1765 2041 1818 decretis
2069 1772 2260 1818 certam

401 1851 755 1905 auctoritatem
811 1851 1143 1919 vindicaturi,
1214 1852 1563 1925 Apostolicam
1631 1852 1754 1924 ipsis
1825 1851 2259 1909 confirmationem

400 1938 683 1992 accessisse
727 1940 1074 1993 affirmandum
1124 1950 1380 2013 putarunt,
1492 1941 1723 1994 Valeant
1770 1947 1822 1992 et
1867 1943 2084 1992 immota
2137 1957 2258 1990 con-

398 2028 594 2078 sistant
645 2035 865 2081 sanctae
930 2018 1301 2081 oecumenicae
1348 2027 1541 2100 synodi
1586 2025 2010 2079 Constantiensis
2057 2046 2091 2078 a
2130 2027 2256 2078 sede

400 2111 722 2182 Apostolica
773 2117 1126 2185 comprobata
1165 2156 1392 2168 ......
1433 2117 1671 2168 decreta.
1750 2111 1862 2166 Hoc
1909 2114 2080 2183 itaque
2105 2112 2257 2185 *prin-

400 2200 578 2272 cipium
621 2211 724 2255 stet
760 2202 1019 2256 immotum
1073 2212 1123 2257 et
1171 2213 1387 2269 certum,
1430 2200 1900 2256 Constantiensium
1940 2201 2289 2261 decretorunr

399 2287 682 2342 sessionum
722 2300 934 2360 quartae
973 2301 1024 2345 et
1074 2290 1280 2361 quintae
1318 2289 1669 2363 Apostolicam
1707 2287 2137 2348 confirmationem
2174 2287 2260 2340 de-

398 2376 520 2428 bere
558 2394 672 2430 esse
712 2379 1052 2449 exploratam,
1093 2396 1411 2450 expressam,
1452 2386 1504 2430 et
1539 2376 1743 2430 minime
1781 2375 1998 2440 dubiam,
2035 2384 2092 2427 ut
2118 2383 2260 2429 certa

401 2473 598 2516 constet
654 2464 878 2537 ipsorum
947 2467 1254 2533 auctoritas3
1319 2465 1490 2536 sicque
1547 2463 1849 2517 Pontificiae
1897 2461 2255 2535 jurisdictioni,

399 2569 528 2619 quae
567 2569 638 2603 ex
676 2553 964 2606 constitutis
1015 2549 1182 2626 supra'
1214 2554 1353 2624 ipsas
1402 2553 1671 2623 generales
1717 2551 1941 2622 synodos
1979 2550 2257 2602 indubitata

399 2635 634 2704 videtur,
673 2639 885 2692 istarum
927 2641 1234 2712 synodorum
1265 2642 1352 2712 jus
1398 2658 1466 2693 ex
1508 2648 1648 2692 certa
1687 2637 2038 2690 oecumenicae
2075 2637 2257 2709 synodi

400 2733 452 2777 et
499 2725 830 2799 Apostolicae
887 2727 1282 2781 confirmationis
1343 2720 1644 2797 auctoritate
1707 2725 2018 2797 praevaleat.
2106 2723 2252 2777 Unde

399 2832 524 2868 vero
563 2815 624 2867 ab
665 2814 972 2877 adversariis
1018 2816 1219 2887 petetur
1257 2823 1408 2884 atque
1456 2812 1750 2886 probabitur
1799 2818 2051 2884 expressa
2089 2822 2140 2865 et
2176 2812 2255 2864 in-

400 2900 623 2954 dubitata
661 2921 835 2955 eorum
873 2903 1188 2955 decretorum
1227 2901 1529 2973 Apostolica
1567 2899 1917 2969 confirmatio?
1955 2899 2099 2953 Haec
2138 2918 2255 2971 pro-

402 2988 480 3041 cul
526 2988 673 3042 dubio
713 2989 885 3042 afferri
923 2989 1098 3060 nequit
1136 3007 1207 3043 ex
1244 2988 1444 3043 Joanne
1483 2987 1686 3041 XXIII.
1737 2986 1822 3058 qui
1859 3004 2028 3040 earum
2067 2984 2255 3038 sessio-

400 3094 519 3128 num
554 3084 781 3149 tempore
820 3095 849 3128 a
876 3074 1355 3130 Constantiensibus
1396 3077 1681 3130 habebatur*
1706 3073 1960 3147 legitimus
1985 3071 2251 3126 Pontifex,

351 3194 357 3198 τ
404 3163 453 3217 Is
506 3163 637 3217 enim
692 3174 811 3217 ante
860 3163 1060 3218 tertiam
1118 3156 1396 3218 sessionem
1450 3182 1506 3218 se
1553 3165 1883 3220 subtraxerat
1933 3179 1994 3213 ac
2041 3160 2254 3214 concilio

402 3270 496 3305 nec
531 3251 762 3305 interfuit
801 3251 1092 3305 memoratis
1140 3251 1478 3316 sessionibus,
1502 3295 1504 3299 ,
1528 3269 1622 3304 nec
1670 3267 1843 3304 earum
1891 3246 2096 3300 decreta
2133 3266 2252 3320 pro-

400 3338 570 3406 bavit,
612 3349 663 3392 et
701 3338 932 3409 quamdiu
969 3339 1094 3393 liber
1131 3339 1323 3408 extitit,
1363 3357 1419 3392 se
1457 3338 1518 3391 ab
1557 3337 1681 3410 ipsis
1720 3334 2076 3389 alienissimum
2103 3353 2249 3406 prae-

401 3425 538 3491 tulit,
590 3437 644 3478 ut
706 3427 893 3480 velex
952 3426 1185 3479 indicatis
1241 3425 1422 3479 litteris
1472 3425 1538 3493 ,ad
1575 3414 1777 3476 ‘Ducem
1827 3422 2249 3477 Aurelianensem
