2326 3854
724 232 892 239 ———-
980 215 1078 251 XLI
1165 226 1337 233 —-—

129 364 258 417 tiam
302 375 608 431 supremam
655 374 776 410 cum
807 354 1110 418 Gallicanis
1142 352 1400 408 defendit.
1478 349 1712 422 Dempto
1749 352 1933 420 juris-

131 447 376 501 dictionis
401 446 631 517 primatu
657 443 710 496 in
733 441 1099 496 universalem
1121 437 1429 494 Ecclesiam
1449 476 1466 511 7
1498 435 1754 491 Romano
1776 435 1933 490 Pon-

131 531 257 588 tifici
302 531 478 586 solum
523 532 576 584 in
606 543 797 582 omnes
827 526 1094 581 ecclesias
1131 522 1551 598 particulares
1586 524 1933 576 autoritatem

132 617 345 688 reliquit
376 611 739 668 directivam
770 615 825 666 et
854 613 1225 686 inspectionis7
1271 613 1425 680 cujus
1455 611 1648 665 iterum
1671 611 1802 677 jura
1836 624 1934 680 pro

131 704 282 758 libitu
326 702 598 770 coarctat,
655 698 710 750 in
767 697 1082 751 essentialia
1137 701 1192 751 et
1235 696 1593 751 accidentalia
1636 711 1734 748 seu
1781 692 1936 748 falsis

130 786 322 840 Isidori
354 783 715 839 decretalibus
757 783 1019 854 acquisita
1049 782 1338 855 dispescit,
1364 785 1419 836 et
1449 782 1736 854 expunctis
1755 779 1935 852 hisce,

131 873 227 926 illa
272 870 340 925 ad
383 870 706 944 vigilantiae
754 873 809 923 et
854 868 1205 940 inspectionis
1242 867 1468 921 reducit.
1537 866 1728 921 Potest
1759 862 1936 920 Sum—

131 975 249 1012 mus
278 955 538 1011 Ponti-fex
583 952 700 1029 (sic
729 954 1000 1008 Febronio
1030 953 1211 1026 placet
1227 950 1286 1027 !)
1329 970 1647 1025 quamquam
1694 955 1937 1025 potestas

130 1043 476 1116 legislatoria
519 1045 774 1112 respectu
819 1040 1148 1094 universalis
1193 1037 1483 1092 Ecclesiae
1541 1054 1711 1110 penes
1761 1039 1938 1110 ipsum

132 1129 306 1183 solum
350 1145 456 1182 non
501 1125 774 1201 resideat,
842 1125 1188 1179 nihilominus
1234 1125 1287 1178 in
1333 1141 1537 1198 magna
1594 1124 1939 1197 generalium

133 1210 844 1268 Conciliorumldifficultate
885 1211 1119 1266 condere
1163 1211 1325 1284 leges
1361 1210 1686 1284 generales,
1734 1225 1939 1280 eosque

132 1302 227 1355 toti
269 1298 563 1354 Ecclesiae
604 1300 908 1371 proponere
957 1296 1364 1369 observandaS‚
1420 1313 1526 1350 non
1573 1298 1700 1349 ante
1740 1299 1939 1349 tamen

132 1387 240 1440 vim
282 1385 582 1457 habituras,
630 1401 788 1455 quam
820 1384 1388 1458 eommuninconsensu
1434 1381 1634 1436 fuerint
1664 1385 1938 1453 receptae.

130 1471 267 1527 Item
311 1469 649 1524 definitiones
693 1470 760 1524 de
790 1467 894 1524 fide
941 1474 996 1524 et
1040 1471 1274 1524 moribus
1315 1467 1445 1522 dare
1485 1468 1703 1541 poterIt,
1750 1468 1939 1539 quibus

132 1558 434 1631 provisorie
481 1554 881 1627 obsequendum
927 1556 998 1610 sit
1042 1555 1110 1609 ad
1141 1572 1245 1610 non
1279 1554 1756 1627 dogmatizandum
1797 1570 1939 1607 con-

134 1644 390 1712 trarium,
443 1658 609 1713 quam
653 1639 745 1695 diu
788 1639 1046 1695 Ecclesia
1088 1657 1195 1695 non
1239 1641 1536 1694 reclamat:
1587 1642 1766 1712 potest
1810 1641 1941 1693 item

133 1729 187 1782 in
230 1729 447 1801 legibus
494 1727 669 1780 etiam..
701 1727 1052 1800 generalibus
1085 1725 1152 1780 (16
1189 1730 1538 1799 praesumpto
1571 1726 1769 1779 saltem
1799 1742 1939 1779 con-

137 1831 302 1868 sensu
328 1809 581 1886 Concilii‚
627 1828 727 1866 seu
759 1828 825 1866 eo
855 1813 910 1866 in
941 1829 1072 1866 casu
1118 1811 1459 1885 dispensare,
1507 1827 1610 1883 quo
1637 1806 1942 1865 Concilium

136 1901 311 1972 ipsum
355 1898 792 1970 dispensaturum
837 1902 1000 1953 esset.
1067 1895 1375 1970 Episcopos
1406 1898 1460 1951 in
1493 1897 1746 1971 generali
1779 1893 1939 1952 Con-

134 1985 262 2039 ciliov
304 1986 678 2057 congregatos
723 1982 881 2038 docet
926 2001 1050 2038 esse
1088 1983 1304 2054 judices
1337 1984 1572 2038 omnium
1609 1986 1939 2038 controver-

96 2071 336 2134 siarum
393 2069 884 2123 ecclesiasticarum
954 2073 1009 2123 et
1064 2086 1422 2143 personarum
1481 2072 1643 2140 atque
1700 2071 1941 2142 ipsorum

136 2157 295 2210 etiam
324 2153 640 2209 Pontificum
670 2152 1066 2230 Romanorum,
1112 2157 1159 2209 si
1202 2157 1254 2210 in
1301 2153 1428 2224 fide,
1477 2153 1653 2210 officio
1690 2156 1782 2209 vel
1811 2173 1940 2210 mo·-

135 2243 283 2295 ribus
339 2244 580 2313 peccent.
668 2239 755 2294 De
801 2243 1091 2297 autoritate
1136 2240 1540 2314 Episcoporum
1598 2242 1939 2315 singulorum

139 2325 316 2399 docet,
363 2343 436 2380 ex
459 2322 665 2380 Christi
695 2328 1027 2381 institutione
1059 2327 1345 2399 aequalem
1377 2343 1502 2380 esse
1535 2329 1768 2382 omnium
1794 2327 1940 2401 Epi-

139 2427 424 2483 scoporum
464 2412 867 2485 auctoritatem,
914 2413 1032 2466 sive
1067 2412 1503 2482 jurisdictionem
1549 2413 1939 2487 universalem,

138 2497 350 2568 qualem
406 2495 711 2550 habuerunt
765 2495 1018 2570 Apostoli
1081 2516 1181 2570 per
1238 2498 1550 2552 universam
1606 2496 1940 2570 Ecclesiam,

137 2599 275 2654 quae
318 2586 499 2636 tamen
546 2581 614 2636 ad
659 2585 864 2636 rectam
909 2583 1314 2655 ordinatamque
1360 2580 1654 2638 Ecclesiae
1702 2585 1939 2639 admini-

137 2669 449 2722 strationem
495 2667 563 2722 ad
608 2672 811 2723 certam
848 2667 1138 2724 dioecesin
1172 2670 1469 2743 limitetur,
1525 2672 1940 2743 exercendaque

134 2753 399 2814 habeatur
433 2756 597 2821 juxta
622 2751 913 2808 Ecclesiae
945 2772 1214 2827 canones3
1259 2772 1451 2810 verum
1493 2758 1653 2810 extra
1698 2757 1939 2812 ordinem

137 2854 260 2891 cam
289 2837 358 2890 ad
389 2855 598 2892 omnem
622 2837 935 2896 Ecclesiam
965 2843 1192 2916 porrigi.

135 2990 231 3043 hoc,
261 2988 380 3045 quod
395 2988 597 3032 Ecclesia
627 3004 714 3032 non
745 2997 814 3034 est
843 2991 1012 3048 aliquid
1039 3007 1167 3041 unum
1187 3008 1263 3046 per
1292 3008 1355 3048 86,
1387 3001 1546 3050 potens
1569 2995 1731 3040 habere
1750 2996 1940 3038 admini-

136 3023 394 3091 strationem
425 3047 633 3098 clavium3
665 3048 704 3091 si
735 3054 883 3092 autem
913 3058 1065 3106 posset
1127 3067 1176 3095 er
1202 3067 1250 3095 ae
1270 3053 1589 3102 administrare,
1623 3068 1710 3096 non
1741 3055 1941 3097 commit-

136 3112 254 3148 teret
284 3105 415 3149 alicui
443 3106 695 3149 Praelato.“
757 3108 820 3150 Et
848 3108 876 3150 1.
897 3124 934 3151 6.
967 3123 1068 3165 pag.
1087 3066 1181 3153 ἕλε
1213 3112 1370 3164 „111ud,
1397 3112 1476 3168 inq
1479 3113 1547 3155 uit
1567 3112 1940 3164 96610666,νο-

135 3163 331 3207 lebamus
364 3170 410 3206 et
442 3165 706 3208 debebamus
736 3166 924 3218 inferre,
955 3166 1136 3210 Petrum
1165 3143 1305 3212 solum
1335 3185 1422 3212 non
1455 3185 1552 3213 esse
1585 3171 1876 3225 subjectum'
1862 3186 1941 3214 161-

136 3223 371 3266 mediatum
403 3224 641 3279 potestatis
669 3200 1040 3278 Ecclesiast'icae‚
1084 3227 1165 3268 sed
1196 3228 1383 3270 clavium
1413 3231 1681 3283 potestatem
1719 3231 1942 3273 Universi-

138 3286 226 3324 tati
257 3284 488 3325 Ecclesiae
516 3289 687 3336 proprie
717 3291 764 3327 et
793 3285 859 3327 ita
890 3259 1228 3340 transsscriptam
1260 3299 1382 3339 esse,
1414 3293 1463 3328 ut
1493 3287 1569 3329 illa
1598 3300 1680 3343 per
1711 3302 1787 3331 eos
1811 3289 1941 3331 mini-

137 3346 254 3389 stros
283 3354 365 3396 pro
397 3355 478 3384 sua
508 3342 725 3399 cujusque
756 3343 961 3399 portione
994 3358 1047 3386 ac
1076 3343 1196 3386 inter
1226 3345 1304 3387 hos
1335 3358 1417 3402 per
1436 3346 1672 3388 Summum
1681 3347 1941 3390 Pontificem

139 3405 412 3499 fxerceatur
458 3399 595 3444 Juvat
624 3401 736 3444 hanc
753 3401 1061 3457 (sententiam)
1094 3400 1335 3447 dilucidare
1367 3409 1414 3445 et
1443 3404 1618 3448 firmare
1649 3406 1801 3449 verbis
1821 3408 1940 3450 Abu-

155 3469 272 3499 66616
