2326 3854
999 131 1158 136 ῳ-
1262 98 1613 152 46.—

387 263 637 317 sationum
676 264 911 334 exempla
948 273 1085 316 sunt.
1156 261 1356 329 Quodsi
1402 265 1497 316 hae
1534 263 1938 335 dispensationes
1975 285 2077 319 non
2114 285 2230 338 pas-

386 351 496 416 sim,
535 369 629 404 nec
664 360 876 416 temere,
913 367 1006 402 nec
1044 349 1154 402 sine
1185 351 1328 421 justa
1353 367 1506 403 causa
1544 369 1574 403 a
1599 348 1928 404 Pontificibus
1962 369 2232 424 concessae

385 447 473 491 aut
509 436 855 491 concedendae
903 445 1047 501 sunt,
1097 435 1147 488 id
1196 455 1299 490 non
1346 456 1417 491 ex
1467 455 1527 492 eo
1578 437 1792 509 pendet,
1842 438 1973 507 quod
2008 455 2231 494 canones

385 522 760 588 Conciliorum,
807 521 860 574 in
909 521 1087 592 quibus
1136 533 1216 577 est
1264 524 1679 598 dispensandum,
1722 526 1809 596 jus
1856 524 2135 579 coactivum
2179 527 2232 579 in'

384 612 521 683 ipsos
546 609 824 663 Pontifices
862 608 1098 675 habeant,
1137 612 1226 665 scd
1261 628 1327 665 ne
1365 613 1716 686 dispensantes
1756 611 1865 665 sine
1895 614 2039 683 justa
2063 628 2231 678 causa,

382 707 635 771 potestate
682 696 735 747 in
784 695 1182 750 aedificationem
1226 697 1490 754 Ecclesiae
1527 717 1559 756 a
1606 697 1717 752 Deo
1779 699 1963 752 collata
2006 709 2231 766 utantur,

385 795 470 837 aut
515 783 682 855 potius
734 782 1006 836 abutantur
1052 783 1106 836 in
1153 785 1543 840 destructionem
1560 822 1575 850 ‚
1628 785 1762 855 quod
1807 786 1861 839 in
1910 787 2128 842 divinam
2172 805 2234 840 ac

383 871 666 924 naturalem
714 870 879 941 legem
928 881 1197 942 pugnaret.
1283 871 1396 942 Huc
1450 871 1707 944 pertinent
1753 870 1840 925 illa
1884 872 1942 926 S.
1982 873 2234 929 Bernardi

382 959 441 1010 ad
479 956 766 1029 Eugenium
792 955 1001 1030 ’Papam
1039 957 1154 1030 (lib.
1194 958 1248 1012 3.
1286 957 1347 1012 de
1386 956 1595 1013 Consid.
1636 977 1681 1011 c.
1722 958 1775 1011 4.
1814 977 1867 1011 11.
1911 959 2055 1028 18.)ε
2106 962 2231 1014 Non

383 1066 496 1099 sum
534 1054 644 1098 tam
679 1047 852 1110 rudiS,
892 1053 951 1098 at
985 1049 1255 1115 iynorem,
1287 1050 1502 1115 positos
1541 1066 1632 1099 vos
1671 1049 2100 1114 dispensatores,
2139 1050 2236 1099 sed

381 1137 436 1185 in
464 1135 907 1203 aedificationem,
944 1152 1053 1184 non
1091 1136 1147 1184 in
1185 1135 1617 1186 destructionem.
1677 1134 1927 1203 Denique
1949 1137 2233 1206 ‘quaeritur

381 1224 521 1272 inter
559 1222 991 1288 dispensatoreS,
1039 1227 1100 1272 ut
1139 1219 1319 1289 fidelis
1356 1223 1474 1290 quis
1513 1223 1834 1272 inveniatur.
1923 1219 2025 1270 Ubi
2058 1237 2232 1274 neccs-

380 1310 512 1359 sitas
549 1312 734 1376 umet,
783 1307 1110 1359 excusabilis
1149 1308 1482 1375 dispensatio
1535 1314 1628 1360 est.
1719 1307 1822 1359 Ubi
1865 1308 2071 1359 utilitas
2101 1326 2231 1376 pro-

379 1401 563 1454 vocat,
609 1395 943 1461 dispensatio
983 1393 1274 1445 laudabilis
1314 1401 1420 1453 est,
1468 1395 1702 1455 utilitas,
1739 1396 1889 1455 dico,
1909 1397 2232 1466 communi&

378 1501 486 1533 non
517 1482 773 1549 propria.
853 1479 996 1532 Nam
1033 1499 1152 1531 cum
1188 1482 1332 1535 nihil
1361 1481 1553 1532 horum
1579 1489 1670 1542 est,
1707 1499 1815 1533 non
1847 1482 2019 1548 plane
2051 1482 2231 1548 fidelis

379 1568 741 1635 dispensatio,
799 1568 896 1618 sed
951 1569 1188 1619 crudelis
1245 1568 1530 1635 dissipatio
1591 1575 1690 1620 est.
1737 1603 1739 1607 ,
1781 1562 1886 1632 Qui
1939 1574 2106 1628 autem
2163 1585 2232 1640 ex

378 1671 534 1707 causa
584 1650 938 1717 necessitatis,
985 1653 1069 1707 vel
1115 1651 1341 1724 publicae
1386 1652 1618 1707 utilitatis
1665 1653 1720 1705 in
1770 1651 2047 1706 canonibus
2084 1652 2232 1706 disci-

376 1740 542 1813 plinae
581 1758 611 1792 a
648 1737 966 1810 generalibus
1003 1757 1201 1810 quoque
1238 1740 1448 1813 synodis
1477 1740 1790 1794 >constitutae
1825 1749 1995 1812 potest
2030 1740 2233 1812 propria

377 1826 682 1881 auctoritate
718 1825 1050 1898 dispensare3,
1066 1826 1311 1899 ‚superior
1345 1827 1536 1898 utique,
1574 1828 1655 1882 vel
1673 1828 1857 1900 ‚saltem
1895 1822 1997 1880 non
2022 1827 2232 1881 inferior

375 1915 646 1987 probatur:
686 1931 849 1983 neque
877 1914 1022 1966 ,enim
1057 1914 1272 1966 facultas
1299 1914 1619 1986 dispensandi
1654 1914 1708 1966 in
1734 1913 1926 1984 legibus
1952 1914 2230 1985 superioris

375 2002 464 2076 ulli
509 2018 729 2071 unquam
784 1998 1016 2052 inferiori
1072 2000 1339 2071 ccmpetit,
1394 2000 1496 2054 nisi
1542 2001 1674 2054 forte
1720 2019 1794 2064 ex
1843 2001 2230 2072 interpretativa

377 2089 556 2142 saltem
594 2087 752 2159 ipsius
803 2086 1082 2158 superioris
1130 2098 1410 2152 consensu,
1464 2105 1562 2157 quo
1621 2087 1824 2140 nomine
1860 2085 2142 2160 Episcopos
2178 2089 2230 2141 in

377 2173 648 2228 ordinariis
685 2183 738 2227 et
773 2173 1200 2244 frequentioribus
1239 2173 1450 2246 casibus.
1479 2174 1706 2246 potuisse
1744 2192 1803 2229 ac
1825 2191 1989 2248 ⁵posse
2027 2192 2092 2228 ne
2116 2175 2230 2228 dum

376 2262 430 2324 in
467 2262 747 2316 canonibus
785 2260 1104 2332 disciplinae,
1155 2261 1244 2314 sed
1281 2260 1544 2332 aliquando
1584 2260 1735 2315 etiam
1773 2260 1826 2313 in
1862 2261 1997 2315 votis
2035 2261 2231 2334 dispen-

378 2368 522 2415 sare,
571 2346 829 2419 Theologi
874 2347 1074 2401 docent.
1138 2341 1386 2401 'Summis
1435 2358 1604 2402 autem
1640 2347 1972 2402 Pontificibus
2019 2349 2230 2402 facultas

375 2425 696 2509 dispensandi
729 2435 784 2487 in
821 2434 1134 2506 generalium
1164 2436 1479 2508 synodorum
1515 2435 1794 2497 canonibus
1831 2436 1893 2496 ab
1929 2435 2104 2497 iisdem
2142 2453 2230 2507 sy-

377 2523 522 2576 nodis
561 2529 823 2587 con'cessa,
861 2532 914 2575 et
951 2523 1319 2592 quodammodo„
1348 2522 1580 2594 delegata
1603 2522 1808 2595 probari
1844 2521 1979 2574 nullo
2004 2521 2226 2593 ipsorum

378 2607 720 2664 Conciliorum
759 2608 1060 2667 testimonio
1096 2607 1302 2680 poterit.
1377 2607 1533 2662 Immo
1579 2628 1689 2663 cum
1728 2607 2035 2663 Tridentina
2074 2627 2228 2680 syno-

377 2697 469 2749 dus
507 2714 639 2750 seSS.
677 2697 765 2749 25.
815 2714 860 2749 c.
900 2697 989 2749 21.
1029 2695 1334 2749 declaratum
1374 2696 1559 2763 voluit,
1610 2715 1702 2762 ea,
1742 2714 1870 2766 quae
1909 2695 2113 2761 statuit,
2151 2700 2228 2749 ita

377 2787 598 2838 decreta
620 2843 623 2845 ,
643 2787 846 2853 fuisse,
891 2791 951 2836 ut
998 2787 1054 2836 in
1103 2783 1186 2835 llis
1210 2783 1246 2852 ¹)
1282 2785 1435 2837 salva
1483 2803 1692 2855 semper
1741 2787 2038 2838 auctoritas
2086 2785 2228 2836 sedis

379 2871 728 2942 Apostolicae
768 2877 822 2923 et
855 2874 953 2933 sit,
1001 2878 1054 2924 et
1102 2890 1214 2923 esse
1254 2873 1619 2942 intelligatum
1672 2872 1767 2925 hae
1804 2870 2049 2924 formulae
2086 2870 2228 2943 Apo-

378 2959 587 3013 stolicae
625 2957 944 3034 auctoritatis
969 2958 1400 3030 praeservativae,
1432 2958 1794 3014 ‘auctoritatem
1828 2957 1986 3026 eidem
2023 2957 2226 3029 proprio

371 3050 489 3118 jure
527 3056 921 3118 competentem,
959 3064 1063 3099 non
1101 3055 1267 3099 autem
1305 3047 1367 3100 ab
1417 3046 1529 3119 ipsa
1567 3046 1762 3119 synodo
1800 3062 2098 3099 concessam
2135 3062 2226 3097 seu

378 3135 659 3204 delegatam
706 3134 1017 3206 significant:
1077 3143 1306 3206 potestas
1364 3135 1501 3188 enim
1551 3122 1702 3188 salva
1764 3131 1861 3194 dici
1911 3131 2082 3201 nequit
2125 3131 2224 3197 illa,

506 3351 543 3403 ¹)
575 3356 666 3395 Huc
695 3355 934 3394 referuntur
974 3356 1045 3395 illa
1087 3355 1212 3396 etiam
1244 3342 1445 3395 sessionis
1478 3356 1522 3394 7.
1554 3354 1595 3393 in
1628 3352 1841 3404 prooemio
1877 3352 2139 3392 decretorum
2175 3352 2223 3391 df>

388 3413 572 3464 Reform.
609 3414 739 3457 Salva
766 3426 934 3466 semper
965 3417 1012 3455 in
1044 3417 1241 3457 omnibus
1270 3415 1386 3457 sedis
1424 3414 1694 3466 Apostolicae
1726 3413 1999 3454 auctoritate.
2104 3406 2111 3413 ’
