2326 3854
891 179 1067 187 ——-
1164 145 1291 203 170
1385 178 1556 185 —-——

294 314 614 383 praeferunt,
664 312 738 365 ita
774 322 828 365 ut
866 310 1102 381 quidquid
1138 310 1209 364 illi
1248 330 1318 364 ex
1365 312 1474 365 solo
1506 314 1623 383 jure
1658 310 2019 369 Ecclesiastico
2057 336 2147 388 ge-

293 409 411 452 runt
447 418 601 471 supra
635 399 773 469 ipsos
798 395 1081 468 Episcopos
1117 398 1492 470 patriarchatus
1518 399 1597 455 vel
1635 398 1926 471 provinciae
1951 419 2149 457 eorum·

293 505 388 557 que
435 486 724 549 dioeceseS,
783 493 969 554 gerant
1013 485 1209 539 vicario
1267 487 1480 557 quodam
1526 495 1578 540 et
1636 486 1866 557 delegato
1915 488 2148 543 nomine:

293 573 422 644 quod
461 592 571 627 cum
609 571 778 625 divino
818 581 870 625 et
917 571 1174 625 ordinario
1205 573 1312 644 juri
1347 573 1590 646 primatus
1628 583 1846 644 nequeat
1882 575 2148 646 derogare,

293 662 491 714 efficere
520 658 721 730 pariter
760 658 952 728 nequit,
990 659 1109 729 quin
1146 658 1443 730 PontificeS,
1483 661 1527 714 si
1564 662 1802 714 nonnulla
1839 672 2024 734 gerant
2060 673 2149 716 aut

292 749 587 819 disponant,
649 763 775 815 quae
822 744 1142 800 Patriarchis
1199 758 1285 800 aut
1345 747 1686 821 Metropolitis
1724 751 1843 821 jure
1902 767 2148 803 canonum

292 842 609 906 competunt,
662 851 724 886 ea
770 843 956 903 gerant
995 836 1114 905 jure
1163 834 1422 889 ordinario
1468 836 1742 907 primatus,
1790 846 1846 889 ut
1893 855 1957 890 ne
1996 836 2148 890 alieni

283 921 418 993 juris
465 921 736 975 invasores
792 920 889 974 dici
933 921 1147 993 possint.
1237 921 1378 976 Haec
1425 922 1618 991 quidem
1673 921 1757 994 (ut
1795 923 1913 976 alibi
1950 923 2147 994 monui)

290 1028 392 1062 nou
430 1008 637 1082 passim,
676 1026 770 1062 nec
807 1008 918 1062 sine
947 1011 1091 1081 justa
1129 1027 1284 1064 causa
1325 1029 1355 1062 a
1391 1007 1726 1063 PontificibuS
1763 1011 1986 1080 gerenda
2011 1020 2146 1076 sunt,

290 1116 354 1151 ne
405 1097 528 1151 ordo
581 1097 644 1149 ab
700 1094 935 1150 Ecclesia
990 1096 1254 1150 institutus
1311 1097 1660 1168 perturbetur,
1725 1098 1856 1167 quod
1911 1116 2148 1169 magnum

290 1184 578 1238 scandalum
618 1183 745 1237 solet
783 1202 1119 1239 commovere.
1199 1181 1300 1237 Sed
1339 1183 1572 1254 quidquid
1613 1185 1674 1236 ab
1711 1184 1834 1256 ipsis
1872 1185 2148 1239 faciendum

288 1271 543 1335 videatur,
591 1288 664 1324 ex
700 1270 961 1324 ordinario
1001 1290 1060 1325 ac
1097 1270 1267 1325 divino
1306 1271 1552 1343 primatus
1582 1273 1698 1343 jure
1748 1273 1931 1325 factum
1971 1271 2150 1344 negari

289 1377 391 1412 non
430 1367 616 1429 potest.

434 1445 486 1499 7.
562 1443 698 1497 Idem
730 1454 835 1498 -est
899 1445 962 1498 de
1018 1444 1364 1499 moderatione
1422 1445 1716 1499 facultatum
1753 1444 2147 1519 Episcopalium‚

288 1538 412 1604 quas
450 1530 598 1604 (licet
634 1531 687 1584 in
725 1530 925 1602 origine
963 1531 1068 1584 sint
1103 1531 1437 1586 institutionis
1474 1532 1706 1605 divinae)
1743 1533 1954 1588 subesse
1978 1543 2148 1588 tamen

288 1620 453 1691 quoad
487 1637 634 1672 usum
672 1628 725 1673 et
772 1619 1078 1673 exercitium
1117 1619 1434 1692 dispositioni
1483 1629 1534 1673 et
1562 1619 1667 1691 juri
1712 1619 1969 1674 ordinario
2007 1618 2149 1674 Pon·-

287 1707 438 1773 tificii,
475 1707 721 1780 primatus
771 1707 902 1760 satis
942 1717 1138 1779 'aperte
1188 1708 1414 1762 videmur
1458 1709 1721 1780 probasse.
1811 1706 1930 1761 Illud
1982 1717 2149 1763 autem

278 1798 392 1868 juS,
432 1814 530 1866 quo
567 1794 622 1848 in
660 1794 861 1849 casibus
898 1794 1220 1849 necessitatis
1270 1805 1357 1848 aut
1403 1795 1570 1865 aliqua
1614 1797 1755 1867 justa
1802 1795 1866 1849 de
1901 1813 2057 1850 eausa
2095 1795 2149 1852 in

286 1883 465 1937 alienis
524 1881 798 1956 provinciis
858 1883 935 1936 vel
1008 1883 1320 1937 dioecesibus
1377 1880 1655 1937 Pontifices
1713 1879 1903 1936 Summi
1964 1882 2149 1953 aliquid

280 1972 415 2043 juris
465 1979 713 2025 exercent
751 1975 825 2041 (c.
865 1970 913 2023 ἰ).
954 1969 1004 2038 §-
1043 1971 1093 2023 Ξ).
1136 1988 1186 2023 n.
1227 1969 1361 2041 4),
1385 1971 1471 2040 jus
1519 1970 1766 2039 quoddam
1812 1969 2145 2025 devolutionis

285 2059 366 2112 vel
405 2057 503 2111 alio
542 2075 840 2128 quocunque
877 2055 1080 2110 nomine
1120 2057 1332 2129 appellet
1368 2054 1413 2109 F
1418 2055 1686 2121 ebroniuS,
1736 2066 1792 2110 ut
1829 2056 1964 2123 vult3
2012 2074 2146 2110 sem-

286 2164 376 2218 per
413 2145 512 2199 erit
543 2146 631 2216 jus
678 2143 934 2217 proprium
982 2154 1033 2198 et
1083 2144 1391 2199 ordinarium
1430 2143 1702 2215 primatus,
1748 2162 1846 2213 quo
1883 2141 2147 2199 Ecclesiae

286 2230 705 2297 necessitatibUS,
754 2232 837 2286 vel
883 2230 1089 2284 utilitati
1138 2250 1198 2285 ac
1246 2230 1584 2308 aedificationi
1630 2248 1702 2285 ex
1748 2230 1913 2284 officio
1952 2231 2148 2304 prospi—

286 2320 424 2374 ciunt
460 2337 551 2392 pro
591 2337 827 2391 supremo
865 2338 1041 2373 eorum
1083 2321 1234 2391 jure,
1288 2312 1417 2389 quae
1468 2317 1601 2372 enim
1631 2328 1889 2389 geruntur
1926 2338 1998 2373 ex
2033 2320 2146 2375 offi-

286 2408 384 2474 cio,
422 2426 525 2460 non
563 2406 813 2475 caritatiS,
852 2407 940 2460 sed
977 2405 1339 2479 jurisdictionis
1379 2416 1497 2459 sunt
1533 2424 1762 2459 munera.
1839 2405 1971 2460 Hinc
2010 2412 2148 2479 patet

285 2494 554 2548 discrimen
588 2492 726 2547 inter
763 2512 844 2559 ea,
883 2512 1011 2564 quae
1049 2495 1134 2547 alii
1157 2492 1396 2567 Episcopi
1431 2511 1506 2547 ex
1544 2493 1852 2550 necessitate
1891 2495 1970 2550 vel
2007 2494 2145 2550 utili·

285 2592 391 2636 tate
428 2581 624 2654 publica
656 2581 960 2650 quandoque
996 2590 1270 2651 gesserunt
1306 2589 1460 2633 extra
1493 2581 1812 2652 propriarum
1842 2581 2144 2636 dioeceseon

284 2668 429 2734 fines,
467 2668 522 2721 iu
559 2686 686 2738 quas
725 2668 913 2720 nullum
950 2667 1207 2739 proprium
1239 2669 1323 2738 jus
1363 2666 1642 2731 habebant,
1688 2660 1746 2721 *et
1799 2686 1860 2722 ea
1907 2687 2036 2739 quae
2069 2686 2143 2725 ex

284 2755 476 2828 proprii
512 2754 757 2827 primatus
787 2755 904 2825 jure
942 2752 1163 2807 Romani
1189 2752 1467 2808 Pontifices
1505 2764 1778 2826 gesserunt
1815 2766 1902 2809 aut
1940 2765 2144 2828 gerunt,

285 2843 394 2897 sive
432 2861 503 2897 ex
534 2842 866 2908 necessitate,
906 2841 1014 2897 sive
1053 2842 1152 2895 alia
1179 2842 1398 2912 qualibet
1427 2843 1569 2913 justa
1607 2843 1666 2895 de
1693 2861 1846 2896 causa
1886 2843 1939 2896 in
1966 2844 2145 2898 alienis

285 2930 596 2985 dioecesibus
635 2939 785 3000 atque
824 2928 1118 3001 provinciiS,
1158 2947 1266 2983 cum
1305 2929 1359 2982 in
1397 2948 1573 2984 omnes
1610 2929 1735 3002 ipsis
1765 2933 1851 3003 jus
1888 2931 2144 3004 proprium

285 3027 337 3070 et
392 3016 701 3070 ordinarium
759 3026 1077 3089 competeret·
1128 3004 1185 3071 et
1252 3028 1501 3090 competat
1549 3019 1669 3091 jure
1726 3017 2018 3089 primatus„
2084 3014 2143 3070 Si

285 3105 532 3176 parochus
571 3123 660 3170 ex.
701 3124 780 3176 gr.
819 3105 902 3158 vel
940 3122 1011 3158 ex
1061 3104 1401 3176 negligentia,
1449 3106 1529 3160 vel
1577 3105 1675 3158 alio
1715 3104 1892 3174 quovis
1938 3102 2143 3175 impedi·

285 3202 453 3246 mento
501 3191 802 3265 baptismum
849 3210 950 3245 non
1012 3192 1269 3257 conferat,
1330 3190 1614 3266 Episcopus
1666 3201 1832 3246 autem
1879 3192 2141 3257 conferat3

288 3298 456 3334 nonne
506 3279 586 3333 hic
634 3288 779 3332 actus
818 3278 1057 3352 Episcopi
1100 3279 1205 3351 juri
1249 3279 1407 3352 ipsius
1454 3279 1734 3340 tribuetur,
1785 3277 1900 3347 quia
1957 3277 2051 3332 etsi
2090 3277 2142 3332 in

288 3365 596 3420 necessitate
634 3367 814 3422 debeat
853 3369 1116 3440 supplere,
1167 3367 1364 3439 supplet
1402 3376 1574 3436 tamen
1623 3383 1694 3418 ex
1739 3362 1903 3418 officio
1941 3372 1993 3440 et
2023 3365 2143 3437 jure

285 3453 516 3524 proprio,
576 3473 672 3524 quo
734 3454 963 3509 omnibus
1014 3473 1135 3508 suae
1191 3453 1436 3508 dioecesis
1487 3451 1840 3524 jurisdictione
1886 3451 2143 3507 ordinaria
