2326 3854
977 107 1586 162 *40*

344 271 543 341 plenam
591 271 1027 325 confirmationem
1077 281 1382 323 statutorum
1414 271 1627 327 *concilii
1678 274 1934 342 generalis
1973 275 2201 328 sufficere

344 357 580 429 scripsit,
643 359 686 410 si
731 361 1003 426 perducta
1053 361 1109 409 in
1159 361 1408 424 notitiam
1445 361 1607 410 totius
1647 359 1926 412 Ecclesiae
1968 400 2199 413 .....

345 441 698 512 Apostolicae
757 447 890 514 fidei
958 444 1424 517 CONVENJRE
1471 450 1786 515 firmentur,
1852 444 2200 515 Apostolicae

347 533 490 584 sedis
541 533 802 584 roborata
860 531 1299 589 CONSENSU.
1375 529 1522 608 Lege
1569 531 1720 584 etiam
1760 533 1924 603 capita
1960 533 1996 586 6
2035 543 2087 586 61
2126 535 2200 599 7.,

344 617 431 670 ubi
468 617 644 670 iisdem
695 617 919 671 conciliis
956 618 1329 673 universalibus
1375 619 1646 677 secundum
1683 618 2001 672 auctoritatis
2040 620 2201 673 locum

345 713 460 775 post
499 704 770 757 canonicos
809 704 966 758 libros
1003 706 1179 759 tribuit
1217 724 1288 759 ex
1323 707 1592 765 accedente
1619 705 1885 760 Romanae
1922 705 2054 759 sedis
2082 724 2202 760 con—

345 809 522 855 sensu7
574 790 944 846 delinitionibus
995 803 1162 846 autem
1209 793 1323 846 fidei
1371 810 1444 859 ex
1482 783 1656 846 eodem
1695 811 1946 846 consensu
1982 793 2203 847 vindicat

346 878 512 929 robur
551 882 816 932 invictum.
893 879 1200 937 Adversarii
1238 898 1465 950 quoque⁷
1516 867 1601 948 qui
1639 897 1749 932 cum
1785 879 2040 934 Bossueto
2075 898 2202 933 con·-

344 962 588 1017 ciliarium
640 965 982 1019 definitionum
1034 967 1179 1039 (lege
1216 965 1458 1020 Bossueti
1493 975 1672 1019 textus
1713 984 1756 1019 c.
1797 966 1850 1018 4.
1890 984 1942 1018 11.
1982 966 2070 1038 4.)
2116 987 2201 1023 ro,-

344 1052 442 1104 bur
481 1055 731 1106 invictum
769 1053 975 1107 eliciunt
1022 1073 1092 1108 ex
1132 1072 1386 1107 consensu
1421 1051 1790 1125 Episcoporum
1829 1071 1940 1106 cum
1977 1052 2203 1125 Aposto-

342 1137 469 1191 licae
509 1139 644 1193 sedis
684 1141 968 1207 sententia,
1026 1151 1077 1195 et
1113 1141 1170 1194 in
1208 1142 1302 1195 hac
1338 1141 1534 1194 unitate
1570 1141 1769 1213 plenam
1789 1139 2101 1200 firmitatem
2133 1139 2204 1192 siff
2236 1136 2239 1138 ’

344 1233 447 1277 tam
485 1227 810 1298 praedicant,
863 1238 1118 1299 nequeunt
1166 1229 1393 1300 profecto
1432 1238 1628 1280 tantam
1663 1228 1767 1281 vim
1806 1245 2042 1280 asserere
2077 1225 2203 1299 Epi-.-

344 1310 538 1382 scopiS‚
579 1312 624 1365 si
663 1332 773 1366 cum
809 1315 982 1382 horum
1015 1315 1202 1387 judicio
1238 1316 1383 1368 sedes
1409 1315 1731 1399 Apostolica
1739 1332 2056 1384 nequaquam
2083 1332 2202 1366 con-.

344 1397 560 1465 sentiat3
611 1420 645 1451 a
679 1420 799 1470 qua
817 1398 862 1471 ¹)
908 1404 1043 1471 fidei
1088 1405 1464 1455 certitudinem
1502 1422 1615 1456 esse
1647 1405 1940 1471 petendam
1973 1400 2202 1455 Joannes

344 1481 546 1537 Gerson
584 1485 639 1538 in
678 1504 914 1540 sermone
955 1507 1128 1541 coram
1165 1487 1472 1542 Alexandro
1511 1487 1581 1543 V.
1623 1489 1874 1541 affirmare
1922 1506 2027 1542 non
2062 1488 2202 1542 dubi-

341 1571 489 1624 tavit.
563 1569 867 1640 Consensus
911 1575 1110 1646 quidem
1146 1577 1229 1630 vel
1267 1576 1527 1629 dissensus
1564 1574 1743 1646 capitis
1780 1592 1890 1627 non·
1923 1593 2082 1644 aeque
2120 1593 2205 1628 ae-

344 1657 623 1712 stimandus
686 1670 795 1725 est,
848 1679 928 1715 erac
988 1662 1250 1716 dissensus
1299 1664 1382 1718 vel
1430 1680 1712 1735 consensus
1764 1661 2026 1733 cujuslibet
2071 1661 2202 1715 alius

342 1743 613 1818 Episcopi,
653 1749 794 1819 cujus
833 1765 1074 1814 assensus
1114 1751 1158 1804 si
1197 1750 1327 1804 desit
1364 1750 1418 1802 iu
1455 1749 1684 1821 generali
1720 1748 1959 1815 concilio,
1996 1749 2080 1802 uhi
2117 1748 2204 1802 alii

343 1830 531 1885 Patres
571 1853 682 1887 cum
721 1835 884 1907 capite
923 1838 1260 1903 concordent,
1313 1837 1438 1889 nihil
1478 1837 1786 1908 praejudicat
1820 1836 2049 1891 firmitati
2086 1854 2204 1889 sen-¹

342 1920 562 1987 tentiae3
612 1922 688 1977 uti
735 1924 1138 1995 praejudicaret,
1192 1925 1237 1977 si
1277 1923 1500 1978 Romani
1537 1921 1803 1976 Pontificis
1841 1927 2082 1995 assensus
2119 1923 2203 1977 vel

345 2007 574 2075 deesset,
613 2011 697 2063 vel
733 2021 1007 2064 vocaretm
1044 2011 1099 2063 in
1138 2010 1722 2064 dubium..

462 2095 580 2148 10.
638 2094 749 2150 Hac
787 2098 846 2150 de
885 2117 1039 2152 causa
1064 2097 1362 2157 Marcianus
1386 2096 1670 2169 Imperatoi
1707 2096 1950 2150 sollicitus
1974 2098 2048 2151 de
2081 2116 2199 2151 con-

343 2181 645 2236 fi1mat1one
665 2182 970 2256 definitio-nis
1007 2182 1225 2239 Concilii
1251 2182 1712 2251 ChalcedonensiS‚
1753 2185 1963 2252 eandem
2000 2185 2075 2238 uti
2112 2203 2202 2237 ne„

344 2268 619 2322 cessaria-m
657 2271 720 2322 ad
744 2257 1018 2324 tollendam
1044 2291 1270 2337 omnem,
1309 2291 1458 2343 quam
1492 2271 1703 2343 maligni
1726 2270 2035 2343 interpretes
2061 2289 2214 2344 spar-⁵

344 2366 544 2423 serant,
607 2356 1001 2446 dubitationem,
1073 2360 1157 2412 his
1201 2358 1373 2412 verbis
1425 2358 1581 2458 enixe
1631 2358 1784 2431 petiit
1828 2357 2026 2431 (Epist.
2076 2358 2200 2415 110.

473 2518 510 2574 ¹)
543 2524 710 2573 Gerson
742 2537 875 2567 serm.
891 2525 943 2564 111
977 2524 1046 2567 die
1077 2525 1262 2574 Ascens-
1282 2507 1453 2564 Domini
1481 2527 1520 2566 t..
1542 2502 1588 2563 2
1622 2523 1727 2578 edit.
1751 2487 1913 2580 Dupin.
1945 2537 1987 2576 p.
2021 2523 2125 2564 136
2148 2525 2201 2563 (16

342 2581 457 2631 Indis
489 2583 684 2635 scripsit:
734 2583 886 2625 Facile
927 2584 975 2622 in
1007 2584 1069 2623 eis
1099 2583 1331 2623 sinceritas
1363 2575 1681 2634 cor-rumpitur,
1728 2592 1824 2622 cum
1857 2581 2077 2623 Ecclesiae
2110 2583 2201 2623 Ro-

344 2645 500 2683 »nanae
537 2652 626 2683 non
666 2640 821 2684 cohae'r
823 2635 945 2692 eant,
989 2655 1016 2682 a
1057 2654 1143 2694 qua
1177 2640 1292 2691 fidei
1331 2640 1558 2682 certitudo
1582 2641 1783 2692 petenda
1801 2644 1881 2683 est.
1926 2643 2053 2682 Gur
2049 2636 2201 2682 ver'um

345 2702 433 2751 sit,
460 2702 757 2749 certitudinem
799 2701 899 2744 fidei
939 2714 992 2742 ex
1023 2703 1214 2757 Romana
1253 2701 1337 2741 fide
1370 2712 1464 2746 esse
1493 2700 1741 2770 petendam,
1788 2713 1871 2740 non
1902 2701 2036 2741 solum
2067 2713 2119 2742 ex
2148 2714 2201 2745 eo

343 2765 479 2812 patet,
516 2762 612 2814 quia
642 2763 832 2803 Romana
862 2762 968 2801 fides
1001 2763 1129 2802 certis
1161 2759 1319 2802 Christi
1352 2760 1569 2812 promissis
1596 2761 1757 2800 munita
1786 2761 2088 2800 indefectibilis
2120 2765 2200 2811 est,

344 2825 390 2861 ut
421 2822 464 2861 in
496 2822 567 2864 lib.
603 2821 667 2863 De
699 2818 741 2864 ύί
774 2823 991 2874 primatus
1023 2835 1060 2863 6.
1093 2822 1166 2862 15.
1200 2821 1490 2873 probavimus,
1525 2825 1568 2860 et
1601 2821 1644 2860 in
1677 2819 1923 2873 Appendice
1948 2821 2026 2869 II.;
2059 2832 2202 2861 verum

344 2882 470 2930 etiam
503 2883 601 2933 quia
630 2895 683 2924 ex
714 2883 980 2934 antiquorum
1010 2882 1240 2923 traditione
1271 2894 1322 2923 ac
1355 2881 1548 2932 dogmate
1581 2878 1791 2922 catholico
1823 2883 1981 2921 certum
2012 2883 2090 2932 eet,
2131 2893 2203 2921 ve-

343 2934 431 2981 ram
462 2942 620 2983 Christi
651 2938 773 2983 fidem
807 2954 901 2982 esse
933 2942 1238 2994 Apostolicam,
1284 2953 1392 2993 quae
1433 2941 1596 2980 scilicet
1637 2941 1689 2979 ab
1722 2941 1935 2996 Apostolis
1965 2940 2125 2980 tradita
2157 2943 2200 2979 et

344 2996 396 3040 a'b
429 2996 929 3053 ApostolicisEcclesiis
963 3006 1162 3053 suscepta
1203 3014 1254 3041 ac
1294 2997 1385 3053 per'
1411 3001 1722 3040 successionem
1751 3000 2058 3052 Episcopor'um
2102 3011 2202 3039 con-

344 3065 542 3113 servata,
584 3062 643 3102 ad
684 3074 760 3102 nos
801 3074 934 3113 usque
974 3062 1225 3101 intemerata
1263 3061 1472 3113 pervenit.
1536 3061 1644 3101 Olim
1686 3058 1878 3111 quamdiu
1920 3061 2079 3098 certum
2120 3059 2200 3099 fuit

343 3121 561 3162 Ecclesias
590 3122 856 3184 Apostolicas
887 3125 1107 3174 acceptam
1149 3122 1201 3161 ab
1245 3121 1459 3177 Apostolis
1501 3119 1626 3169 fidem
1667 3120 1949 3170 incorruptam
1991 3130 2198 3169 servasse,

342 3185 389 3220 ut
423 3179 758 3222 discerneretur
766 3194 870 3221 vera
900 3179 1006 3221 fides
1040 3181 1311 3233 Apostolum,
1343 3174 1555 3232 receptum
1588 3181 1679 3218 erat
1709 3178 1774 3217 ad
1795 3178 1915 3217 sedes
1936 3178 2202 3230 Apostolicas

345 3253 598 3291 provocare,
652 3245 698 3282 ut
741 3253 793 3282 ex
830 3230 1006 3282 Irenaeo
1052 3241 1196 3292 liquet.
1261 3242 1363 3281 Cum
1410 3243 1552 3280 autem
1592 3239 1703 3277 inter
1726 3238 2005 3289 Apostolicas
2040 3238 2200 3288 ,iamdiu

347 3312 490 3346 omnes
533 3302 766 3345 defecerint
806 3313 832 3340 a
864 3301 1076 3354 catholica
1105 3300 1214 3348 fide,
1260 3312 1344 3341 una
1372 3299 1563 3339 Romana
1595 3298 1695 3338 sede
1726 3300 1926 3349 excepta,
1975 3309 2081 3349 quae
2109 3298 2201 3338 sola

346 3360 503 3400 avitam
543 3356 815 3402 traditionem
857 3359 1135 3407 custodivit}
1158 3360 1254 3399 hinc
1292 3357 1384 3410 jure
1427 3358 1480 3398 ab
1518 3358 1596 3408 hac
1637 3356 1734 3397 fidei
1777 3357 2072 3397 certitudinem
2106 3369 2201 3397 esse

347 3419 569 3470 petendam
610 3422 778 3465 Gerson
819 3419 1022 3471 prodidit.
1087 3420 1243 3459 Confer
1287 3418 1350 3458 De
1389 3419 1433 3459 υἱ
1473 3418 1649 3469 primm.
1692 3430 1726 3456 c.
1775 3418 1845 3457 13.
1891 3428 1929 3458 n.
1964 3413 2023 3456 42
2055 3419 2096 3456 et
2125 3416 2197 3457 43.
