2326 3854
716 210 1316 267 *25*

119 381 176 433 ad
214 379 413 432 ordines
452 379 625 430 saltem
670 376 810 440 illos,
861 376 941 445 qui
990 373 1439 446 apud-Donatistas
1482 370 1720 441 baptizati
1758 371 1809 422 in
1847 371 1921 422 in-

118 464 294 529 famia,
345 463 554 515 rationis
613 476 723 514 usu'
761 461 970 531 praediti
1020 461 1077 511 ad
1128 458 1412 512 catholicam
1467 456 1734 508 redierant.
1811 454 1920 507 Duo

120 559 281 602 autem
316 547 578 600 interdicta
615 546 956 598 Romanorum
994 544 1294 596 Antistitum
1342 543 1394 595 in
1429 541 1763 595 transmarino
1803 558 1895 594 con

120 634 230 687 cilio
261 634 399 685 edita
434 632 728 693 obstabant,
776 648 922 682 unum
961 631 1086 698 quod
1125 639 1421 683 memoratur
1466 628 1516 679 in
1563 627 1754 699 synodo
1795 624 1923 679 Car-

118 716 396 786 thaginensi
434 715 550 766 anni
574 715 695 767 401.
753 714 822 766 Id.
861 712 1166 784 Septembris
1195 712 1349 785 (Can.
1371 714 1458 767 68.
1486 711 1684 766 Codicis
1708 711 1921 782 Afric.),

117 809 176 854 ut
221 803 462 853 ordinati
509 803 562 850 in
604 807 765 867 parte
814 801 1048 860 Donati,
1106 803 1153 851 si
1202 786 1276 851 ad
1320 801 1639 851 catholicam
1695 801 1926 850 correcti

118 890 346 939 transire
381 886 659 945 voluerint,
695 904 800 936 non
839 888 1195 952 suscipiantur
1244 888 1301 935 in'
1345 888 1451 936 suis
1490 885 1804 944 honoribus-,-
1854 883 1924 934 al-

117 980 275 1022 terum
323 969 588 1022 indicatum
636 969 685 1020 in
739 970 834 1022 alia
881 970 1072 1040 synodo
1110 967 1497 1038 Carthaginensi
1546 969 1662 1020 anni
1709 967 1924 1038 ejusdem

117 1054 262 1108 XVI.
299 1053 407 1110 Ral.
446 1053 630 1118 JuliaS,
679 1073 741 1106 ne
778 1055 992 1107 infantes
1029 1053 1406 1106 Donatistarum
1444 1055 1521 1106 ad
1550 1054 1806 1107 ecclesiam
1842 1071 1924 1105 re-

117 1139 363 1193 deuntium
404 1140 464 1192 ad
502 1138 699 1191 ordines
736 1148 1166 1209 promoverentur.
1242 1137 1373 1192 Vide
1413 1137 1646 1192 Codicem
1683 1156 1922 1190 canonum

91 1211 356 1278 *ecclesiae
392 1224 662 1277 Africanae
701 1241 809 1276 can.
847 1225 934 1278 57.
974 1226 1175 1294 ejusque
1212 1222 1543 1294 prooemium,
1593 1222 1676 1274 ubi
1710 1222 1924 1274 traditur

118 1312 312 1365 decreta
349 1309 530 1380 legatio
569 1309 630 1361 ad
668 1308 859 1380 Papam
897 1307 1239 1373 Anastasium,
1280 1319 1330 1361 et
1368 1307 1642 1363 Venerium
1679 1306 1923 1360 Mediola-

116 1414 343 1463 nensem,
389 1395 461 1446 uti
508 1394 806 1447 necessitate
855 1395 1087 1465 exposita
1148 1395 1207 1446 ad
1256 1394 1617 1447 ordinationem
1665 1392 1924 1445 infantium

115 1479 414 1551 dispensatio
450 1483 732 1550 peteretur,
781 1484 905 1548 quia
954 1482 1018 1532 ab
1065 1482 1146 1532 Ιιίς
1194 1482 1403 1533 sedibus
1451 1482 1552 1532 lwc
1582 1484 1923 1550 fuerat-pro-

117 1567 344 1617 bibitum.
426 1563 562 1617 Haec
607 1565 709 1617 (luo
739 1564 1038 1618 interdicta*
1081 1565 1464 1618 restrictionem
1491 1564 1755 1636 potestatis
1800 1562 1923 1634 Epi-

119 1650 327 1721 scopalis
375 1649 791 1704 evidentissimam
845 1653 1161 1720 praeferunt,
1221 1669 1364 1720 quam
1411 1669 1498 1703 cur
1545 1648 1776 1701 Africani
1823 1666 1923 1699 non

119 1735 202 1787 uni
240 1734 516 1799 Romanae,
554 1735 640 1786 sed
674 1733 1035 1788 Mediolanensi
1072 1736 1221 1788 etiam
1258 1735 1362 1787 sedi
1397 1734 1632 1799 tribuant,
1672 1733 1925 1804 explican-

118 1821 227 1871 dum
263 1830 367 1884 est,
413 1830 466 1871 ut
503 1829 739 1890 appareat
786 1819 1047 1874 Romanae
1094 1820 1407 1875 auctoritatis
1457 1820 1508 1872 in
1558 1819 1679 1891 ipsis
1716 1817 1924 1889 Episco-

117 1905 294 1976 palium
350 1905 631 1957 facultatum
679 1905 1077 1958 restrictionibus
1133 1906 1445 1978 praecipuam
1503 1905 1719 1968 habitam
1772 1904 1924 1956 fuisse

117 1989 375 2042 rationem.
451 1987 726 2042 Concilium
761 1991 1175 2056 transmarinum,
1225 1992 1411 2060 inquo
1451 1988 1485 2043 a
1519 1990 1806 2044 memoratis
1843 2007 1924 2042 se-

117 2075 254 2127 dibus
305 2093 365 2127 ea
410 2074 673 2127 interdicta
720 2069 1073 2141 manaverant,
1122 2094 1222 2128 non
1267 2075 1395 2128 aliud
1438 2075 1590 2128 fuisse
1639 2094 1782 2144 quam
1822 2072 1923 2128 Ca-

117 2171 327 2231 puanum
365 2160 484 2212 anni
517 2160 640 2212 391.
678 2161 1247 2231 probabilissimum-est.
1322 2160 1460 2214 Haec
1497 2161 1717 2232 synodus
1755 2169 1927 2213 coacta

118 2244 443 2315 potissimum
470 2246 531 2297 ob
567 2245 982 2316 ‘extinguendum
1030 2247 1222 2300 celebre
1282 2247 1494 2300 schisma
1539 2246 1922 2299 Antiochenum.

119 2323 191 2380 Ut
226 2330 450 2400 expetita
499 2330 560 2381 ab
597 2330 847 2395 omnibus,
892 2320 950 2384 et
986 2331 1204 2384 maxime
1243 2332 1525 2384 necessaria
1573 2332 1925 2385 restitueretur

119 2415 462 2467 Antiochenae
505 2413 761 2468 Ecclesiae
807 2416 972 2469 unitas
1020 2435 1117 2469 non
1170 2418 1303 2469 solus
1340 2415 1397 2469 S.
1436 2417 1736 2469 Ambrosius
1775 2416 1922 2487 (Vid.

121 2499 318 2553 Tillem.
358 2499 409 2551 in
445 2499 682 2551 Ambros.
723 2510 761 2551 t.
800 2501 951 2571 68.),
991 2503 1071 2570 qui
1113 2521 1142 2553 a
1179 2501 1463 2555 Theodosio
1502 2502 1693 2572 Magno
1730 2502 1925 2573 plurimi

120 2586 418 2649 habebatur,
476 2580 560 2637 sed
605 2595 655 2641 et
704 2604 918 2638 summus
955 2586 1197 2639 Pontifex
1245 2589 1370 2659 apud
1415 2607 1524 2641 eum
1574 2586 1925 2659 Imperatorem

120 2659 346 2740 egerunt.
433 2668 642 2740 Captum
699 2672 893 2724 tandem
940 2672 1194 2724 consilium
1249 2674 1308 2726 de
1354 2674 1675 2727 convocando
1724 2671 1924 2744 Capuae

121 2753 342 2806 concilio:
413 2748 554 2806 Cum>
574 2773 680 2808 mos
718 2757 833 2807 olim
872 2775 970 2809 non
1008 2767 1159 2823 esset,
1184 2767 1253 2808 >ut
1276 2755 1508 2828 Episcopi
1534 2758 1750 2811 Romani
1776 2769 1926 2811 extra

121 2835 305 2889 Urbem
346 2837 405 2887 ad
432 2836 651 2891 Concilia
688 2841 995 2907 accederent,
1033 2841 1091 2896 S.
1116 2843 1384 2895 Ambrosio
1422 2844 1732 2914 praecipuam
1758 2863 1926 2896 curam

121 2920 271 2981 fuisse
309 2922 641 2987 commissam,
672 2925 972 2994 eundemque
995 2928 1219 3003 *forsitan
1255 2928 1410 2998 ipsius
1451 2927 1666 2981 Romani
1690 2927 1926 3000 Episcopi

119 3007 256 3060 vices
303 3007 536 3075 quasdam
581 3009 799 3078 gessisse
853 3010 976 3063 satis
1021 3012 1250 3065 credibile
1298 3023 1390 3065 est.
1477 3012 1591 3065 Etsi
1640 3033 1760 3068 vero
1798 3015 1925 3066 idem

122 3091 415 3144 Ambrosius
450 3093 663 3145 omnium
691 3093 882 3163 quidem
907 3105 1125 3148 actorum
1163 3099 1448 3150 moderator
1486 3109 1533 3150 et
1569 3098 1924 3166 quodammodo

103 3187 294 3237 vauctor
329 3177 596 3242 habeatur,
653 3179 825 3230 sunnni
871 3189 1036 3232 tamen
1073 3179 1331 3234 Pontificis
1368 3182 1713 3234 auctoritatem
1749 3183 1802 3233 in
1838 3182 1922 3234 iis-

122 3261 228 3313 dem
285 3261 438 3331 gestis
476 3262 795 3333 vpotissimum
867 3265 1112 3330 valuisse,
1185 3266 1441 3336 ipsumque
1493 3265 1549 3318 S.
1606 3267 1925 3320 Ambrosium

123 3333 278 3399 eidem
324 3339 608 3400 auctoritati
656 3366 891 3401 summam
938 3350 1035 3403 vim
1087 3351 1350 3414 detulisse,
1412 3361 1547 3422 patet
1596 3370 1664 3404 ex
1711 3354 1924 3424 ejusdem

126 3430 267 3500 epist.
292 3458 295 3459 ⁷
318 3431 370 3484 9.
417 3432 475 3483 ad
512 3431 853 3504 Theophilum.
940 3432 1207 3505 Capuanae
1257 3435 1385 3488 enim
1424 3431 1615 3507 Synodi
1657 3437 1836 3491 Patres
1875 3438 1924 3490 in
