2326 3854
1004 131 1353 186 &66
1454 164 1615 170 ν,-

387 296 690 352 universam.
713 295 993 350 Ecclesiam
1032 296 1084 347 in
1120 297 1274 348 'rebus
1314 297 1527 359 ceteriS‚
1575 313 1702 364 quae
1740 295 1974 365 reginum
2013 299 2231 370 ejusdem

384 381 647 438 Ecclesiae
703 383 844 436 utilia
898 383 980 436 vel
1037 383 1327 436 necessaria
1376 383 1678 447 videantur,
1748 381 1948 436 etiamsi
2003 384 2056 439 in
2109 386 2231 458 ipsis

386 470 605 524 omnium
655 469 827 523 unitas
879 487 979 521 non
1027 468 1233 540 perinde
1293 469 1359 523 sit
1418 468 1737 538 necessaria,
1798 468 1870 521 uti
1919 469 1970 521 in
2020 473 2232 525 materia

386 557 747 611 communionis
785 566 835 609 et
874 554 1014 608 fidei:
1054 574 1216 626 neque
1257 557 1388 610 enim
1426 558 1583 623 idem,
1624 556 1707 627 qui
1746 556 1958 628 singulis
1996 556 2232 612 distribu-

383 646 488 701 tive
526 643 736 716 sumptis
773 643 1091 715 praepositus
1130 643 1219 710 sit,
1267 663 1337 698 ex
1389 654 1532 717 parte
1581 663 1821 717 praeesse
1858 644 2086 700 omnibus
2131 645 2231 701 col-

382 732 563 787 lective
602 729 699 783 dici
734 739 921 808 potest,
960 748 1030 783 ex
1068 741 1213 802 parte
1251 742 1418 785 autem
1455 733 1680 786 subesse.
1759 730 1818 786 Si
1854 750 1978 787 vero
2017 750 2087 786 ex
2113 751 2232 786 con-

382 818 569 872 stitutis
607 816 843 870 Romano
881 816 1123 869 Antistiti
1163 819 1249 888 jus
1297 818 1474 871 estin
1525 837 1700 873 omnes
1749 820 1902 873 etiam
1951 818 2232 892 Episcopos

383 905 640 959 collective
678 913 929 975 sumptOS‚
969 920 1070 956 non
1109 904 1273 957 minus
1311 923 1460 975 quam
1499 904 1554 957 in
1591 905 1882 973 universam
1918 905 2229 974 Ecclesiam3

382 992 625 1063 quomodo
651 989 917 1063 Episcopis
955 989 1007 1042 in
1045 992 1275 1061 generali
1314 992 1510 1065 synodo
1550 992 1772 1047 collectis
1801 994 1887 1064 jus
1926 1011 2040 1048 esse
2064 1005 2232 1068 potest

379 1081 428 1132 in
468 1080 632 1153 ipsum
658 1078 994 1132 Pontificem?
1034 1075 1170 1131 Num
1200 1082 1286 1151 jus
1307 1080 1411 1152 juri
1437 1096 1726 1152 repugnans
1753 1080 1986 1152 utrinque
2024 1083 2232 1153 aequale

379 1167 495 1221 licet
521 1167 821 1220 adstruere?
864 1163 990 1220 Cum
1030 1184 1152 1236 ergo
1172 1168 1256 1238 jus
1295 1185 1598 1220 summorum
1637 1166 1940 1223 Pontificum
1979 1170 2030 1222 in
2056 1188 2230 1224 omnes

379 1255 640 1309 collective
677 1253 956 1326 Episcopus
995 1263 1047 1307 et
1087 1271 1236 1325 super
1287 1253 1396 1325 ipsa
1442 1254 1703 1326 generalia
1744 1253 1975 1310 Concilia
2011 1267 2088 1311 tot
2124 1277 2229 1311 mo-

378 1342 562 1395 mentis
599 1343 864 1414 probatum
903 1351 1087 1395 nutare
1126 1359 1228 1393 non
1266 1341 1454 1412 possit3
1493 1342 1670 1395 irritus
1709 1360 1908 1415 semper
1933 1341 2030 1396 erit
2056 1359 2228 1394 eorum

378 1438 616 1494 conatUS‚
666 1429 750 1499 qui
779 1430 864 1499 jus
903 1428 1175 1481 eorundem
1215 1426 1555 1482 Conciliorum
1603 1448 1755 1502 super
1792 1429 2070 1484 Pontifices
2110 1429 2228 1481 nulli

377 1515 582 1586 antiquo
621 1516 767 1570 firmo
805 1517 1127 1569 fundamento
1166 1514 1428 1581 innixum,
1476 1517 1627 1570 immo
1676 1518 1770 1570 toti
1821 1515 2110 1587 antiquitati
2147 1535 2229 1568 re-

377 1621 633 1674 pugnam,
690 1622 784 1656 nec
831 1622 933 1656 non
977 1602 1164 1655 rationi
1205 1602 1646 1674 jurisdictionique
1693 1604 1928 1678 propriae
1967 1604 2228 1676 primatus,

376 1691 642 1743 defendere
682 1691 901 1744 student.
987 1688 1042 1742 Id
1080 1699 1246 1743 autem
1296 1691 1427 1761 quod
1473 1691 1582 1744 dixi
1630 1695 1769 1745 melli
1815 1697 2035 1762 antiquo
2067 1696 2228 1762 firmo

369 1779 727 1845 fundamento
754 1782 1013 1847 innixum,
1053 1781 1210 1831 immo
1237 1781 1338 1831 toti
1373 1782 1686 1850 antiquitati
1708 1799 2035 1850 repuqnans‚
2072 1779 2228 1831 multo

377 1864 566 1936 patebit
604 1864 914 1930 evidentius,
954 1865 1000 1917 si
1038 1864 1289 1937 opinionis
1330 1866 1735 1920 adversariorum
1775 1885 1941 1921 seram
1980 1866 2227 1937 originem

375 1936 746 2023 liovitateiliqtle
783 1953 1094 2023 detegamus,

1015 2225 1432 2299 CAPUT
1498 2227 1589 2300 V.

376 2387 457 2432 De
480 2402 599 2433 sera
623 2391 822 2448 oriqz'ne
848 2394 899 2432 et
928 2389 1155 2436 novitate
1180 2390 1452 2448 opinionis,
1484 2404 1621 2448 quae
1644 2386 1883 2435 Conciliz's
1937 2388 2225 2447 eneralibus

435 2451 798 2493 auctoritatem
830 2453 881 2493 et
893 2447 988 2506 jus
1018 2445 1200 2493 tribuit
1229 2450 1516 2494 coactivum
1546 2453 1601 2495 in
1625 2463 1850 2494 summos
1922 2448 2162 2507 ontifices.

522 2569 548 2618 l
650 2565 708 2619 Si
751 2575 860 2618 tota
908 2568 1153 2621 lustretur
1201 2570 1476 2640 antiquitas
1498 2607 1511 2632 ‚
1561 2586 1671 2620 cum
1719 2567 1876 2619 multa
1928 2569 2223 2624 documenta

373 2657 660 2726 supremam
707 2652 843 2706 illam
892 2671 1198 2706 summorum
1249 2652 1553 2708 Pontificum
1601 2653 1955 2707 auctoritatem
2001 2653 2224 2708 indicant

372 2743 426 2794 in
462 2736 752 2795 universam
790 2737 1099 2807 Ecclesiam,
1151 2759 1277 2812 quae
1333 2760 1402 2794 ex
1453 2741 1607 2796 divini
1645 2740 1778 2813 juris
1825 2740 2040 2812 primatu
2087 2742 2220 2808 fluit3

374 2838 425 2882 et
461 2819 682 2881 indicant
720 2826 916 2897 quidem
963 2827 1016 2880 in
1062 2838 1223 2882 totam
1262 2827 1547 2883 Ecclesiam
1597 2828 1750 2881 etiam
1791 2827 2049 2882 collective
2087 2846 2222 2881 sum-

372 2925 532 2987 ptam,
581 2914 656 2966 uti
688 2914 930 2985 primatus
967 2915 1099 2968 ratio
1139 2926 1189 2969 et
1226 2935 1407 2990 scopus
1447 2916 1692 2988 exigunt3
1732 2925 1838 2967 tum
1877 2933 1998 2969 vero
2036 2916 2219 2967 nullum

373 3001 624 3072 antiquum
682 2998 1030 3057 documentum
1088 3003 1253 3057 licebit
1312 3004 1561 3076 reperire,
1622 3004 1754 3073 quod
1795 3002 1919 3054 illos
1967 3002 2220 3072 generalis

373 3088 570 3143 concilii
608 3087 948 3161 jurisdictioni
1003 3091 1250 3163 subjiciat.
1339 3090 1397 3143 In
1445 3091 1572 3144 hane
1621 3108 1727 3143 rem
1781 3089 2219 3141 demonstrandam

365 3176 556 3248 juverit
578 3186 780 3232 vetusta
804 3187 953 3248 gesta
974 3178 1280 3251 recolenteS‚
1321 3178 1464 3232 initia
1499 3179 1606 3248 ejus
1632 3174 1918 3230 sententiae
1944 3170 2218 3246 inquirere,

375 3283 499 3334 quae
538 3263 829 3317 memoratis
867 3264 1092 3318 conciliis
1123 3267 1208 3336 jus
1246 3284 1408 3339 supra*
1434 3261 1713 3354 Pgn'tilices
1751 3261 1954 3316 asserit.

518 3352 570 3411 2.
623 3349 942 3432 Novitatem
982 3362 1033 3406 et
1069 3369 1238 3406 seram
1273 3347 1855 3438 opinidhir'fflfssriginem
1903 3348 1954 3401 in
1993 3348 2218 3403 materiis

375 3436 483 3489 fidei
523 3447 710 3489 certam
738 3455 852 3490 esse
890 3439 1082 3491 erroris
1108 3449 1280 3491 notam
1307 3438 1442 3490 inter
1467 3438 1640 3491 omnes
1662 3435 1955 3491 Catholieos
1982 3436 2217 3490 convenit
