2326 3854
700 249 870 255 -—-
965 214 1084 270 103
1176 246 1345 252 ——

123 381 312 434 miserit
348 380 624 432 sententiae
661 380 891 439 ferendae
929 398 958 431 a
995 378 1213 448 synodo,
1262 375 1642 447 jurisdictionem
1680 376 1832 426 eidem
1872 376 1922 426 in

125 485 177 519 se
214 466 370 536 ipsum
408 466 757 533 quodammodo
784 463 953 517 tribuit
976 454 1175 533 propria
1195 462 1470 525 voluntate3
1510 477 1714 527 cumque
1751 470 1924 528 postea

125 554 255 604 latae
293 550 568 604 sententiae
605 550 920 612 assensisset,
957 557 1012 599 ut
1048 547 1359 618 promiserat,
1398 563 1498 601 non
1524 543 1772 596 sententia
1809 562 1924 614 pro-

125 636 231 705 pria
268 634 460 705 synodi,
497 634 584 689 sed
621 651 711 685 sua
748 651 802 685 se
839 633 1095 689 voluntate
1131 630 1435 684 Pontificatu
1471 628 1742 692 abdicavit,
1780 637 1835 679 ut
1872 628 1923 684 in

125 719 348 788 sequenti
385 718 542 788 capite
579 716 932 787 explicabimus
970 733 1103 772 num,
1147 716 1232 768 16.
1296 714 1455 785 Hujus
1493 713 1754 784 peculiaris
1780 730 1924 768 casus

125 803 408 874 approbatio
463 801 582 854 nihil
629 802 819 853 confert
866 802 926 852 ad
975 802 1284 857 statuendam
1342 795 1744 870 approbationem
1792 797 1924 868 juris

125 887 328 945 coactivi
362 897 412 940 et
448 886 741 940 universalis
769 884 1101 942 Consiliorum
1138 885 1442 955 generalium
1481 902 1628 954 supra
1654 882 1925 938 Pontifices

124 973 271 1028 etiam
315 971 522 1026 invitos:
581 972 706 1040 quod
754 971 952 1025 statiuis
1002 969 1468 1024 Constantiensibus
1523 968 1791 1022 universim
1843 968 1926 1024 de-

125 1057 362 1109 cernitur.
606 1049 609 1052 *
980 1119 987 1123 -

262 1143 311 1195 5.
383 1140 716 1207 Difficiliorem
755 1159 902 1210 porro
927 1158 1128 1210 operam
1168 1140 1540 1207 aggrederetur,
1581 1138 1663 1205 qui
1701 1138 1925 1198 desertus

125 1226 476 1297 approbatione
527 1224 739 1280 Mai-tini
776 1223 843 1278 V.
894 1225 945 1277 in
991 1223 1286 1277 Pontificiae
1341 1221 1731 1274 confirmationis
1778 1240 1926 1290 argu-

124 1321 335 1368 mentum
371 1310 660 1380 produceret
696 1327 782 1362 eas
831 1310 1010 1362 saltem
1046 1306 1261 1376 Eugenii
1296 1306 1388 1361 IV.
1428 1307 1621 1359 litteras
1671 1307 1811 1358 datas
1849 1307 1925 1358 die

123 1394 310 1453 XVIII.
356 1393 582 1451 Januarii
629 1413 709 1446 an.
752 1394 907 1449 1433.
959 1403 1008 1446 et
1045 1394 1318 1463 descriptas
1354 1392 1407 1443 in
1460 1391 1584 1444 actis
1621 1390 1924 1443 Basileensis

122 1480 313 1537 concilii
356 1480 579 1536 sessione
615 1478 763 1535 XVI.
809 1479 983 1548 quibus
1030 1479 1140 1529 dum
1179 1477 1401 1547 scripsit,
1450 1477 1597 1529 hocce
1633 1475 1925 1528 Basileense

124 1564 378 1621 concilium
410 1583 448 1634 ,a
478 1573 730 1634 tempore,
777 1583 871 1633 quo
907 1563 1180 1627 inchoavit,
1226 1561 1441 1631 legitime
1478 1562 1826 1625 continuasse,
1877 1572 1925 1613 et

123 1650 300 1703 dehere
336 1649 643 1712 continuare,
680 1649 927 1707 revocatis
963 1648 1139 1714 Bullis,
1175 1665 1302 1715 quae
1327 1647 1483 1717 ipsum
1509 1656 1626 1698 ante
1661 1648 1924 1701 secundani

125 1733 365 1789 actionem
408 1735 616 1788 solutum
667 1734 1067 1796 declaraverunt,
1117 1733 1418 1802 approbasse
1464 1731 1657 1784 videtur
1694 1742 1923 1800 tanquam

123 1817 340 1887 legitima
377 1819 764 1871 antecedentium
801 1819 1044 1870 actionum
1080 1826 1251 1886 gesta,
1290 1834 1381 1868 nec
1417 1834 1517 1866 non
1555 1817 1752 1868 decreta
1790 1814 1924 1869 Con-

123 1902 415 1957 stantieusia
457 1903 730 1959 ¹sessionum
774 1902 865 1958 IV,
914 1912 966 1955 et
1011 1902 1078 1956 V.
1127 1920 1252 1971 quae
1297 1900 1349 1952 in
1383 1899 1660 1952 Basileensi
1716 1902 1926 1970 repetita

121 1988 316 2041 fueraut
353 1986 545 2039 actione
571 1988 799 2041 secunda.
862 1985 995 2042 Num
1023 1987 1278 2039 declarare
1303 1986 1718 2048 continuationem
1747 1987 1921 2056 synodi

120 2071 172 2123 in
209 2070 480 2130 actionibus
527 2072 931 2142 praecedentibus
978 2071 1211 2126 decimam
1248 2080 1477 2134 sextam,
1527 2070 1727 2140 perinde
1776 2090 1833 2122 ac
1881 2072 1925 2123 si

121 2157 252 2211 nulla
284 2156 536 2209 dissolutio
582 2156 968 2226 praecessisset,
1016 2155 1140 2214 ‚idem
1175 2165 1256 2208 est
1282 2160 1284 2163 ’
1306 2173 1364 2207 ac
1408 2157 1607 2208 decreta
1656 2156 1709 2207 in
1753 2156 1922 2208 iisdem

123 2241 254 2297 edita
299 2241 595 2311 approbare,
639 2251 691 2293 et
738 2240 1030 2311 praesertim
1075 2258 1136 2292 ea
1183 2259 1252 2294 ex
1290 2239 1667 2295 Constantiensi
1717 2242 1923 2294 coneilio

123 2325 332 2395 repetita
378 2325 571 2382 actione
615 2326 856 2389 secunda,
913 2325 1084 2394 quibus
1122 2323 1346 2395 Legatus
1383 2325 1596 2395 Eugenii
1642 2345 1734 2380 nec
1781 2346 1925 2396 prae-

124 2410 348 2474 sentiam,
386 2428 477 2463 nec
503 2429 758 2467 assensum
795 2411 1107 2481 praebuerat,
1145 2420 1196 2462 et
1233 2411 1291 2467 de
1328 2412 1502 2479 quibus
1529 2412 1654 2464 idem
1684 2410 1924 2463 Pontifex

123 2505 222 2552 tum
257 2514 345 2565 per
379 2494 598 2553 Nuntios
634 2506 736 2550 tum
773 2513 862 2565 per
898 2495 1131 2565 epistolas
1169 2497 1295 2565 apud
1331 2515 1501 2550 omnes
1539 2497 1766 2549 nationes
1804 2516 1922 2553 con-

123 2589 322 2648 questus
368 2581 561 2638 suerat?
633 2579 710 2638 Ea
759 2580 1026 2633 declaratio
1075 2581 1136 2636 ad
1184 2598 1420 2635 summum
1470 2582 1578 2652 ipsa
1626 2583 1824 2641 decreta
1872 2583 1923 2635 in

123 2682 232 2721 eum
280 2665 437 2720 locum
493 2683 551 2723 ae
603 2676 783 2723 statum
830 2665 1075 2729 restituit,
1124 2666 1174 2717 in
1230 2685 1324 2735 quo
1379 2667 1613 2731 fuissent,
1663 2667 1706 2718 si
1743 2669 1923 2732 nullam

123 2746 376 2815 Eugenius
424 2749 791 2807 dissolutionem
840 2750 1087 2803 edidisset.
1176 2750 1323 2804 Tunc
1379 2771 1499 2806 vero
1555 2771 1655 2804 non
1713 2755 1924 2807 fuissent

125 2830 322 2885 omnino
371 2841 509 2897 rata,
560 2834 656 2892 nisi
702 2832 1019 2905 Apostolica,
1066 2854 1189 2903 quae
1245 2837 1444 2899 deerat,
1484 2839 1790 2899 confirmatio
1829 2858 1922 2891 ex-

122 2934 295 2986 pressa
343 2917 653 2976 accessisset..
728 2916 855 2985 Quid
892 2948 895 2951 ·
904 2937 1052 2989 porro
1109 2921 1154 2972 si
1189 2920 1430 2974 Pontifex
1476 2924 1713 2991 ejusmodi
1765 2919 1923 2983 decla-

122 3001 364 3059 rationem
414 3002 462 3055 vi
509 3003 714 3074 quadam
764 2990 964 3061 coactus
1009 3022 1068 3060 eo
1119 3006 1326 3058 concilio
1372 3008 1512 3070 fecit,
1570 3019 1628 3068 ‚ut
1675 3010 1922 3066 intentata

122 3096 294 3143 eontra
331 3105 385 3141 se
423 3087 670 3139 molimina
706 3088 991 3157 declinaret,
1027 3090 1378 3160 ,impediretque
1417 3093 1637 3146 enormia
1675 3095 1922 3156 scandala,

123 3170 174 3227 in
219 3188 354 3241 spem
398 3181 593 3224 erectus
645 3174 750 3224 lore
795 3183 847 3226 ut
893 3174 983 3231 hac
1035 3173 1112 3227 via
1167 3174 1362 3229 facilius
1419 3175 1515 3227 alio
1564 3179 1935 3231 transferretur.

125 3252 424 3320 Concilium,
472 3257 552 3313 ubi
588 3255 844 3317 Ecclesiae
883 3259 1257 3316 necessitatibus
1303 3260 1506 3328 aequius
1543 3263 1922 3332 prospiceretur,

126 3358 215 3397 nee
251 3339 566 3410 Apostolieae
615 3343 746 3401 sedis
792 3344 1061 3399 auctoritas
1109 3344 1451 3398 detrimentum
1488 3348 1719 3416 caperet?
1793 3347 1922 3400 Hinc

127 3436 287 3480 autem
329 3427 442 3495 jure
489 3427 614 3485 idem
670 3426 910 3481 Pontifex
967 3430 1018 3481 in
1075 3430 1279 3485 solemni
1326 3449 1601 3502 congressu
1637 3431 1922 3490 Florentiae
