2326 3854
698 224 869 231 ..Q
957 192 1297 247 63*-

106 357 412 413 concedenda
450 367 554 422 est,
602 373 709 409 cum
746 373 1008 410 universae
1043 352 1300 408 Ecclesiae
1345 353 1511 404 unitas
1557 370 1655 405 non
1695 371 1763 405 ex
1801 354 1900 406 sin-

104 445 229 516 gulis
266 453 483 507 tantum,
530 442 615 494 sed
653 458 721 493 ex
757 441 983 493 omnibus
1027 439 1282 493 collective
1319 437 1522 509 sumptis
1569 447 1620 490 et
1665 437 1718 489 in
1753 455 1900 489 unum

105 530 287 584 coactis
324 529 508 581 redeat.
586 523 775 591 Quodsi
810 525 931 577 haec
967 542 1067 577 non
1102 525 1272 579 valere
1309 524 1570 577 credantur
1606 523 1657 574 in
1695 522 1923 575 materia

106 614 412 685 disciplinae,
458 613 510 663 in
547 628 642 679 qua
678 626 777 661 non
813 609 884 661 ita
920 608 1085 661 unitas
1122 609 1337 661 omnium
1375 609 1659 662 necessaria
1695 618 1800 673 est,
1850 618 1902 659 ut

106 701 157 751 in
194 698 394 769 negotio
431 695 568 760 fidei3
618 712 782 746 nonne
832 711 900 745 ex
935 693 1150 767 primatu
1185 693 1429 747 Romanis
1465 693 1789 747 Pontificibus
1818 695 1903 764 jus

107 803 136 834 a
173 782 356 835 sanctis
381 778 614 832 Patribus
652 788 702 830 et
738 787 959 848 potestas
984 778 1218 843 tribuitur
1255 797 1356 832 non
1393 780 1551 832 solum
1576 779 1906 850 praecipiendi

107 867 338 938 singuIiS,
376 882 547 919 verum
584 863 731 916 etiam
767 864 1077 916 ferendarum
1113 865 1276 934 legum
1313 864 1622 936 disciplinae,
1673 882 1800 934 quae
1838 881 1907 916 ex

105 954 263 1021 legum
299 960 478 1002 natura
515 967 615 1002 non
653 949 875 1019 singulos
910 958 1120 1014 tantum,
1158 950 1244 1003 sed
1270 967 1441 1002 omnes
1466 950 1615 1003 etiam
1652 950 1906 1020 obligant?

107 1034 284 1107 Caput,
320 1035 448 1104 quod
482 1043 684 1105 praeest
718 1051 819 1086 non
855 1044 955 1086 tam
981 1034 1192 1104 singulis
1228 1053 1371 1103 quam
1398 1035 1620 1087 omnibus
1656 1035 1906 1097 membriS‚

106 1140 206 1174 non
242 1131 345 1173 tam
382 1119 576 1190 singula
613 1137 751 1188 quam
790 1120 956 1171 omnia
980 1137 1184 1190 prosuo
1212 1122 1325 1190 jure
1362 1119 1494 1189 regit
1528 1129 1578 1171 et
1602 1121 1904 1172 moderatur.

107 1205 232 1261 Cum
268 1204 452 1258 Patres
489 1202 919 1258 Chalcedonenses
956 1205 1015 1257 de
1065 1222 1119 1257 se
1164 1205 1217 1256 in
1255 1203 1482 1258 Concilio
1531 1203 1748 1256 collectis
1786 1205 1908 1257 scri-

107 1302 310 1363 pserunt
345 1291 407 1344 ad
442 1287 664 1343 Leonem
700 1287 917 1360 Papam:
977 1291 1173 1350 Quibus
1220 1298 1277 1341 tu
1314 1291 1549 1359 quidem,
1592 1293 1728 1342 sicut
1761 1309 1908 1342 mem-

106 1380 213 1430 bris
259 1383 442 1444 caput,
479 1393 772 1442 praeeras;
817 1392 982 1427 nonne
1018 1376 1171 1429 verbo
1210 1394 1465 1444 praeesse
1515 1374 1820 1446 superiorem
1856 1375 1909 1427 in

108 1481 161 1516 se
208 1461 461 1515 collective
512 1469 731 1531 sumptos
777 1459 1122 1513 auctoritatem
1173 1459 1328 1514 eidem
1381 1462 1690 1528 tribuerunt,
1747 1461 1909 1529 qualis

107 1547 254 1618 capiti
289 1548 340 1599 in
378 1544 596 1598 membra
632 1546 884 1600 collective
927 1555 1122 1616 sumpta
1158 1546 1419 1616 competit?
1495 1544 1679 1599 Patres
1718 1563 1909 1616 quoque

106 1635 157 1685 in
181 1632 432 1703 Ephesina
468 1631 656 1702 synodo
683 1632 897 1695 adunati,
936 1649 1042 1684 cum
1080 1649 1134 1683 se
1170 1640 1384 1685 coactos
1421 1634 1611 1685 litteris
1637 1629 1911 1685 Coelestini

110 1718 415 1769 affirmarunt
450 1717 511 1768 ad
546 1707 899 1787 depositionem
938 1714 1193 1781 Nestorii,
1231 1734 1397 1769 nonne
1433 1727 1730 1787 potestatem
1765 1717 1819 1769 in
1856 1735 1910 1769 se

109 1803 378 1855 coactivam
401 1801 587 1872 pariter
611 1804 955 1871 agnoverunt?
1002 1800 1230 1855 Summus
1266 1812 1454 1873 pastor,
1493 1803 1571 1856 cui
1609 1803 1913 1855 subordinati

109 1898 223 1941 sunt
267 1897 413 1955 atque
460 1887 664 1956 subjecti
707 1887 969 1942 inferiores
1015 1897 1271 1959 pastoreS‚
1324 1888 1570 1959 imperare
1606 1887 1775 1957 utique
1812 1906 1911 1940 non

109 1974 261 2026 solum
298 1971 520 2042 singulis,
557 1990 727 2026 verum
753 1973 901 2025 etiam
939 1974 1164 2025 omnibus
1201 1983 1384 2044 potest.·
1433 1973 1756 2027 Obedientiae
1794 1992 1912 2043 quo-

109 2077 201 2128 que
237 2058 464 2122 debitum,
502 2075 597 2126 quo
634 2058 815 2128 singuli
851 2059 1133 2128 obligantur
1168 2076 1355 2111 summo
1393 2057 1642 2123 Pontifici,
1680 2077 1787 2111 cum
1825 2077 1911 2111 ne-

108 2142 287 2195 minem
334 2142 578 2213 excipiat,
635 2161 806 2196 omnes
862 2145 1009 2197 etiam
1059 2145 1336 2199 collective*
1359 2154 1578 2215 sumptos
1626 2144 1909 2214 adstringit.

109 2226 230 2281 Jure
266 2237 529 2298 propterea
571 2229 702 2281 inter
746 2230 882 2300 ipsos
932 2229 1236 2283 recentiores
1272 2231 1609 2284 heterodoxos
1655 2229 1736 2283 Jo.
1776 2229 1913 2282 Lau-

111 2311 300 2364 rentius
336 2310 642 2366 Moshemius
666 2314 708 2381 ¹)
747 2314 798 2366 in
835 2314 1184 2367 dissertatione
1228 2316 1315 2366 De
1359 2316 1639 2367 Gallorum
1676 2318 1913 2383 appella-

112 2396 333 2450 tionibus
371 2401 445 2450 ad
477 2402 756 2452 concilium
791 2403 1065 2452 universae
1104 2402 1404 2460 Ecclesiae,
1439 2404 1691 2452 unitatem.
1729 2402 1913 2452 Eccle-

113 2487 220 2535 siae
256 2485 507 2536 visibilem
542 2486 868 2547 tollentibuS,
904 2486 1029 2538 hanc
1063 2486 1327 2538 eorundem
1362 2485 1604 2538 celebrem
1641 2485 1914 2537 distinctio-

113 2586 222 2621 nem
259 2570 317 2621 de
354 2577 601 2639 potestate
639 2588 936 2622 summorum
972 2570 1268 2623 Pontificum
1314 2570 1366 2622 in
1413 2588 1587 2623 omnes
1626 2571 1913 2641 singillatim

113 2671 200 2706 seu
238 2653 573 2717 distributive,
622 2673 722 2706 non
758 2673 878 2709 vero
929 2656 1182 2711 collective
1221 2666 1440 2727 sumptos
1471 2656 1645 2726 >paucis
1682 2658 1914 2714 refellens

114 2738 345 2807 scripsit;
418 2741 902 2809 Quodiuniversis‘
929 2747 1035 2794 sive
1094 2745 1314 2811 sinyulis
1366 2743 1619 2794 Ecclesiis
1661 2760 1914 2811 praeesse

37 2881 41 2885 ,
118 2822 428 2890 Pontificem
460 2826 670 2885 dicunt,
715 2845 822 2877 nou
867 2830 1141 2878 universae
1169 2816 1482 2887 Ecclesiae,
1532 2830 1592 2879 id
1635 2835 1741 2879 tam
1791 2829 1917 2878 milei

115 2910 298 2959 scitum
343 2910 578 2968 videtur,
623 2928 686 2960 ac
732 2914 799 2961 si·
823 2915 938 2979 quis
987 2916 1310 2979 affirmaret,
1359 2914 1588 2964 membra
1633 2916 1843 2982 quidem
1878 2926 1916 2964 ‘a

115 2995 286 3060 capite
334 2996 473 3061 reyi,
517 3012 625 3044 non
668 3013 791 3046 vero
839 2999 985 3064 quod
1033 3015 1102 3047 ex
1150 2999 1389 3049 membris
1447 3006 1658 3050 constat
1704 3006 1915 3067 corpus,

115 3085 207 3130 aut
249 3079 404 3130 urbes
451 3081 658 3148 quidem
707 3098 910 3139 omnes,
958 3082 1113 3132 villas
1161 3089 1212 3133 et
1246 3085 1479 3150 praedia
1515 3084 1722 3135 subesse
1762 3077 1916 3151 Regfi,

115 3176 220 3214 uon
255 3180 377 3218 vero
416 3183 550 3232 quae
587 3165 668 3216 Ιιίε
701 3168 1190 3232 εοηίἰηεΐιινῖρεατη
1217 3170 1567 3233 provinciam.
1641 3166 1916 3220 Bossuetus

243 3361 277 3415 1)
308 3365 480 3416 Legitur
507 3369 617 3407 inter
648 3369 734 3417 ejiis
758 3368 1085 3408 Dissertationes
1117 3369 1172 3408 ad
1200 3369 1421 3421 historiam
1442 3363 1795 3411 'Ecclesiasticam
1818 3384 1915 3422 per—

119 3423 298 3464 tinentes
331 3424 445 3466 edit.v
475 3426 729 3467 -Altouaviae
762 3427 890 3466 1733.
923 3431 955 3466 t.
989 3427 1027 3467 1.
1060 3438 1155 3478 pag.
1188 3428 1290 3467 612.
