2326 3854
997 223 1054 257 m
1148 233 1311 240 ---—--

127 388 182 438 et
227 386 519 453 venerata,
587 380 814 451 primum
859 394 894 430 a
939 374 1252 448 quibusdam
1307 370 1527 427 fuerunt
1572 373 1824 426 restricta
1869 376 1926 426 et

125 473 345 542 negata.
410 465 679 519 Pristinae
724 462 998 517 fidelitatis
1028 461 1150 515 laus
1175 455 1504 514 Germaniae
1536 461 1758 512 nostrae
1805 456 1923 512 fere

126 571 296 626 usque
342 552 408 606 ad
455 551 629 623 elapsi
673 549 919 622 proxime
966 548 1173 601 saeculi
1202 545 1362 600 finem
1405 546 1625 599 immota
1653 544 1922 614 constitit3

126 647 238 696 tum
282 639 495 693 demum
538 637 679 689 inter
707 649 808 688 nos
848 633 1074 688 consilia
1105 635 1455 707 commutata,
1500 632 1752 702 serioque
1785 646 1923 684 coe-

125 731 272 799 ptum
317 722 384 776 de
425 720 613 793 Papae
658 735 912 792 suprema
957 720 1252 774 autoritate
1301 723 1356 774 et
1408 715 1790 773 infallibilitate
1832 715 1922 770 di-

125 809 386 882 sceptari3
432 818 667 878 moxque
695 805 923 879 pristina
951 804 1042 858 illa
1089 822 1122 858 a
1151 806 1391 877 patribus
1436 803 1637 859 tradita
1681 803 1926 858 doctrina

114 901 232 966 jam
277 896 470 967 aperta
516 892 693 947 fronte
737 889 997 946 falsitatis
1042 891 1397 965 arguebatur,
1442 891 1603 945 immo
1644 894 1699 945 et
1729 890 1925 946 convi-

124 976 220 1045 ciis
266 997 367 1034 ceu
397 979 864 1033 ultramontana
892 975 1250 1050 insipientia
1277 975 1739 1050 proscindebatur.
1804 974 1926 1044 Quo

124 1067 324 1122 factum
370 1070 486 1141 est,
543 1069 605 1120 ut
647 1067 851 1138 impetu
894 1064 1070 1117 semel
1114 1063 1240 1118 dato
1286 1063 1565 1135 ruptisque
1609 1065 1728 1131 jam
1773 1064 1924 1118 anti-

123 1154 340 1226 quitatis
383 1151 665 1226 repagulis
708 1154 917 1206 temere
961 1151 1012 1203 in
1052 1150 1403 1204 sanctissima*
1441 1147 1727 1220 divinaque
1760 1146 1927 1203 Sedis

123 1239 479 1314 Apostolicae
515 1241 645 1308 jura
690 1237 1060 1311 involaretur,
1121 1252 1281 1308 quum
1327 1233 1474 1288 Galli
1532 1235 1746 1290 interim
1791 1234 1927 1289 dura

124 1325 462 1399 experientia
503 1340 712 1396 usuque
743 1324 1013 1397 magistro
1050 1322 1278 1377 meliora
1310 1320 1491 1376 edocti
1523 1326 1681 1376 caute
1713 1320 1926 1393 quidem

122 1412 314 1486 pedem
357 1410 704 1466 retraherent
748 1411 812 1465 ab
860 1410 1062 1464 erroris
1108 1410 1220 1483 via7
1267 1412 1324 1463 et
1368 1409 1421 1462 in
1453 1407 1572 1462 sola
1601 1406 1755 1463 Petri
1800 1409 1923 1461 navi

123 1514 194 1553 ex
237 1496 537 1571 naufragio
576 1497 674 1551 sibi
721 1496 955 1551 salutem
999 1498 1342 1568 quaererent.
1407 1523 1412 1528 ·

252 1582 410 1654 Quod
452 1582 727 1638 hodiernis
771 1583 960 1638 diebus
1003 1583 1238 1637 maxime
1278 1579 1664 1654 deplorandum
1701 1582 1820 1653 est,
1866 1583 1925 1632 ut

126 1671 296 1725 verba
338 1685 638 1742 prosequar
669 1670 819 1724 citati
852 1655 971 1739 jam
1002 1670 1218 1742 operis:
1260 1704 1306 1739 „
1318 1664 1467 1733 Quis
1499 1669 1588 1720 est
1615 1663 1928 1719 Petrus?“

125 1773 258 1830 pag.
285 1756 347 1811 2.
393 1771 515 1810 cum
559 1755 827 1809 altissima
866 1753 1184 1830 Religionis
1228 1752 1444 1808 divinae
1490 1750 1752 1826 dogmata
1795 1752 1927 1824 ple-

127 1858 352 1914 rumque
384 1844 503 1911 jam
545 1842 720 1914 patrio
765 1857 1017 1896 sermone
1048 1843 1347 1895 tractentur
1390 1836 1687 1893 accedente
1721 1838 1927 1892 saeculi

122 1927 290 1983 nostri
331 1926 549 1981 libidine
581 1927 650 1981 ad
681 1927 1054 1999 scribendum3
1099 1927 1270 1981 nostri
1300 1925 1733 2000 scripturienteS,
1779 1924 1926 1979 haud

122 2031 245 2069 raro
290 2013 725 2087 theologicarum
768 2029 950 2067 rerum
993 2015 1154 2068 immo
1200 2016 1255 2068 et
1281 2012 1680 2085 principiorum
1729 2010 1923 2085 oppido

120 2100 321 2174 ignari,
369 2099 549 2172 aliqua
594 2099 1003 2155 ecclesiasticae
1044 2100 1309 2153 materiae
1353 2099 1592 2153 lectione
1636 2115 1742 2152 non
1790 2098 1924 2152 satis

122 2185 348 2241 decocta
394 2190 511 2256 jam
569 2186 872 2241 animantur
928 2186 997 2241 ad
1056 2186 1322 2240 calamum
1376 2186 1625 2258 imperita
1682 2185 1926 2257 quamvis

121 2289 283 2327 manu
326 2270 722 2347 arripiendum,
779 2289 882 2345 quo
929 2273 1289 2347 gravissimos
1333 2275 1520 2326 contra
1566 2269 1726 2329 fidem
1752 2271 1926 2326 ¹chri--

122 2358 350 2413 stianam
390 2373 607 2412 errores
644 2358 740 2412 vel
779 2359 935 2412 inscii
977 2374 1078 2432 per
1113 2363 1386 2413 terrarum
1415 2358 1602 2412 orbem
1635 2361 1920 2432 spargunt.

122 2443 254 2499 Inde
286 2444 426 2498 enim
453 2460 587 2506 vero
614 2447 803 2498 nostra
836 2447 1018 2499 aetate
1033 2445 1147 2514 juri
1175 2459 1383 2518 quoque
1410 2443 1786 2499 ecclesiastico
1814 2447 1923 2498 tam

121 2530 327 2586 lethale
369 2529 567 2585 vulnus
610 2529 784 2604 infligi
818 2529 1162 2585 manifestum
1207 2533 1313 2600 est,
1360 2528 1504 2601 quod
1530 2530 1713 2603 ignari
1742 2547 1921 2585 nova-

124 2633 343 2689 rumque
388 2633 568 2671 rerum
615 2615 839 2695 studiosi
885 2618 1181 2675 sacerrima
1220 2614 1514 2671 Ecclesiae
1544 2619 1681 2686 jura
1718 2617 1922 2671 nihilo-

126 2705 299 2757 minus
345 2701 553 2758 audent
587 2699 835 2758 censorio
868 2721 1003 2759 naso
1051 2702 1344 2782 discutere7
1374 2699 1515 2757 'dum
1556 2702 1715 2757 simul
1760 2701 1924 2758 divini

130 2788 326 2858 eloquii
370 2790 712 2844 autoritatem
757 2792 811 2843 et
854 2786 968 2846 SS.
991 2781 1218 2846 Patrum
1260 2790 1570 2845 testimonia
1611 2790 1925 2865 negligunt,

129 2870 590 2948 venerandaeque„
611 2874 953 2947 'antiquitatis
996 2876 1318 2932 documenta
1368 2893 1468 2930 seu
1511 2893 1703 2949 parum
1748 2877 1924 2931 aesti-

125 2961 303 3033 mant,
351 2973 450 3011 seu
495 2959 548 3012 in
594 2960 828 3015 alienum
874 2978 1129 3038 sensum,
1176 2962 1552 3017 cavillatorum
1598 2979 1770 3038 more,
1818 2962 1923 3017 de-

127 3047 394 3118 torquent.

254 3128 359 3199 Qui
403 3131 478 3185 ita
522 3119 696 3185 dirum
740 3132 794 3184 in
838 3131 1053 3187 modum
1075 3130 1385 3188 Romanam
1413 3132 1567 3188 Petri
1591 3120 1926 3186 Cathedram

126 3217 402 3290 impetunt,
448 3221 697 3291 carpunt,
742 3217 1002 3272 vellicant
1026 3222 1083 3273 et
1103 3223 1374 3294 pungunt,
1404 3221 1459 3273 in
1484 3236 1549 3274 eo
1579 3218 1710 3272 mihi
1740 3236 1927 3274 omnes

127 3303 380 3357 videntur
423 3320 678 3378 peccare,
727 3305 866 3376 quod
897 3307 1108 3360 ratione
1139 3304 1297 3381 duce,
1342 3303 1654 3361 Ecclesiam
1690 3306 1788 3360 sibi
1821 3323 1928 3359 ve-

126 3387 225 3443 lint
272 3392 623 3465 construere,
680 3391 977 3446 ratiociniis
1034 3409 1156 3447 eam
1213 3394 1574 3467 constituere,
1636 3397 1690 3446 et
1734 3409 1928 3446 sacrae

129 3470 452 3548 Scripturae
497 3477 765 3553 textibuS,
836 3494 970 3550 quos
1016 3478 1082 3534 ad
1126 3479 1332 3534 libitum
1377 3471 1830 3553 interpretantur,
1878 3483 1932 3533 et

1502 3573 1595 3635 ἃ*
