2326 3854
692 237 1340 295 —181—

116 407 262 462 vandi
291 409 375 477 jus
413 423 511 459 non
548 405 598 457 in
644 404 936 458 delationem
972 402 1356 475 Episcoporum‚
1405 401 1505 452 sed·
1536 399 1585 450 iu
1625 418 1923 474 supremam

109 500 423 561 potestatem
459 493 559 543 sibi
595 488 826 560 (Summo
864 488 1120 554 Pontifici)
1159 492 1213 539 in
1253 487 1495 540 Ecclesia
1532 487 1778 537 mn‘versa
1814 491 1923 536 tra-

118 581 280 630 ditam
317 593 556 646 expresse
592 573 795 627 retulit?
833 574 924 627 Ait
961 574 1200 636 secundo„
1240 564 1363 623 hanc
1399 579 1695 641 potestatem
1734 587 1761 621 a
1802 566 1924 618 Tri-

118 661 330 715 dentinis
370 657 612 713 ¹Patribus
656 659 926 713 derivatam
952 677 1046 730 3ex
1093 655 1615 709 Pseudo-Isidoriano
1667 654 1750 706 illo
1790 652 1923 724 prin-

117 746 269 816 cipio,
332 763 425 814 quo
462 736 604 814 Papa
652 739 943 818 tradebatur
985 743 1305 795 Ordinarius
1354 739 1763 794 ordinariorum.
1818 737 1925 791 'Ita

116 830 349 902 generale
387 826 870 900 praestantissimum
929 827 1186 889 concilium
1236 844 1303 879 ex
1350 823 1925 879 P'seudo-lsidori'col-

115 915 324 968 lectione
378 931 435 966 ac
489 912 775 983 ignorantia
828 913 938 966 veri
985 912 1423 984 juris·deceptum
1479 910 1720 974 traducit,
1782 909 1927 978 idque

114 1017 260 1070 posse
297 998 480 1068 corrigi
515 998 567 1050 in
606 999 700 1050 alio
739 998 949 1052 concilio
985 997 1383 1061 comminiscitur.
1460 994 1559 1050 Sed
1596 998 1720 1049 haec
1757 1005 1806 1048 et
1832 995 1927 1050 alia
1986 1004 1987 1007 ’

116 1084 292 1137 similia
330 1085 389 1135 ab
428 1085 595 1137 eodem
634 1083 864 1137 audacius
901 1084 1030 1136 dicta
1078 1101 1147 1135 ex
1194 1083 1493 1154 praejudicio
1531 1082 1640 1134 falsi
1679 1091 1925 1152 systema-

114 1170 178 1222 tis
215 1170 273 1221 de
311 1169 595 1222 collectione
629 1168 904 1222 Isidoriana
927 1209 941 1233 ,
979 1168 1106 1237 quod
1144 1170 1451 1238 expendetur
1488 1168 1646 1238 capite
1680 1164 1924 1234 sequenti,

117 1273 258 1308 nemo
313 1253 611 1319 mirabitur,·
657 1254 740 1323 qui
795 1253 1213 1324 ⁴praejudiciorum
1267 1252 1365 1307 vim
1428 1253 1580 1323 probe
1638 1260 1924 1321 cognoseat.

117 1339 267 1394 Certe
302 1339 607 1410 principium,
645 1357 740 1408 quo
764 1336 905 1409 Papa
939 1339 1265 1391 ordinarius
1297 1338 1695 1390 ordinariorum
1732 1336 1926 1398 dicitur,

115 1426 157 1478 si
194 1443 292 1476 non
328 1424 523 1491 verbis,
559 1425 703 1476 factis
741 1423 1069 1492 antiquiorum
1099 1441 1300 1492 [quoque
1339 1424 1672 1486 saeculorum,
1727 1422 1780 1473 in
1819 1422 1926 1490 qui-

113 1512 205 1562 bus
246 1508 424 1580 Papae>
467 1508 863 1579 jurisdictionem
921 1509 1220 1561 ordinariam
1274 1508 1512 1578 primatus
1566 1507 1815 1578 propriam
1858 1506 1926 1558 'in

115 1595 286 1649 alienis
323 1594 627 1647 dioecesibus
665 1603 1017 1661 exercuerunt,
1057 1594 1422 1664 comprobatum
1461 1604 1640 1646 censeo
1679 1611 1743 1645 ex
1785 1592 1926 1644 dictis

115 1701 158 1735 c.
192 1682 250 1736 3.
290 1699 341 1733 n.
378 1679 428 1733 3.
549 1688 551 1691 ’

255 1765 308 1818 6.
383 1764 656 1835 Privilegia
692 1764 1024 1835 exemptionis
1061 1764 1317 1835 generalia
1364 1783 1394 1816 a
1423 1763 1770 1836 jurisdictione
1806 1760 1933 1832 Epi--

115 1869 374 1922 scoporum
422 1869 481 1903 ea
528 1850 631 1909 fere
675 1848 733 1902 de
794 1866 946 1901 causa
989 1849 1300 1919 regularibus
1357 1849 1545 1902 indulta
1597 1849 1823 1912 fuerunt,
1874 1857 1928 1899 ut

113 1937 261 1989 iidem
292 1936 554 2006 <regulares
601 1934 660 1986 ab
699 1932 988 2006 EpiscopiS‚
1039 1933 1123 2004 qui
1168 1935 1304 2006 ipsos
1354 1934 1611 1988 itentidem
1657 1934 1927 1989 turbabant

112 2023 501 2091 gravabantque,
539 2018 775 2084 subducti,
815 2020 1098 2091 regularum
1137 2037 1336 2073 suarum
1375 2019 1535 2072 studio
1575 2030 1625 2072 et
1662 2021 1927 2074 observan-

112 2106 212 2160 tiae
248 2106 459 2177 quietius
497 2123 555 2158 ac
590 2104 744 2157 tutius
769 2114 1033 2158 vacarent:
1073 2105 1197 2173 quod
1233 2123 1355 2159 sane
1386 2105 1648 2158 utilitatem
1686 2105 1927 2174 quandam

114 2201 261 2261 atque
331 2190 682 2245 necessitatem
743 2191 1018 2260 bonumque
1077 2188 1336 2245 Ecclesiae
1407 2191 1736 2244 aedificationi
1811 2210 1926 2261 pro-

113 2276 325 2348 spiciens
360 2276 594 2347 praefert.
652 2274 778 2328 Nati
815 2275 1020 2328 subinde
1045 2268 1228 2328 abusus
1265 2275 1568 2343 quorundam
1606 2276 1924 2346 regularium,

115 2361 198 2431 qui
245 2358 600 2431 Episcoporum
664 2360 963 2412 auctoritati*
992 2360 1288 2424 obstabant,
1337 2360 1647 2431 plebiumque
1694 2361 1925 2415 scandalo

114 2456 288 2514 erant,
334 2464 599 2515 eorumque
630 2446 890 2498 ·abusuum
939 2463 1088 2498 causa
1141 2446 1370 2514 querelae
1431 2456 1605 2498 contra
1653 2445 1935 2518 hujusmodiv

114 2530 456 2603 exemptiones
502 2550 532 2584 a
586 2530 785 2585 Sanctis
839 2549 1031 2599 quoque
1086 2530 1209 2584 viris
1257 2531 1316 2589 ad
1356 2529 1534 2584 Sedem
1582 2531 1935 2603 Apostolicamf

113 2618 331 2670 delatae:
369 2634 470 2668 non
505 2617 631 2686 quod
669 2617 759 2670 hac
794 2617 851 2668 in<
884 2635 939 2668 re
965 2634 1193 2686 suprema
1230 2617 1445 2687 ejusdem
1485 2617 1616 2670 sedis
1654 2615 1925 2668 auctoritas

112 2721 199 2773 per
235 2711 578 2760 serenaretur
613 2702 667 2757 in
701 2702 912 2765 dubium,
948 2700 1189 2770 irritaque
1214 2702 1534 2755 crederentur
1560 2694 1924 2771 ea'exemptio-

113 2787 192 2839 nis
227 2786 514 2857 privilegia3
562 2786 647 2838 sed
684 2788 818 2854 quod·
848 2805 917 2840 ex
953 2787 1204 2850 abusibqu
1223 2788 1348 2840 male
1385 2788 1624 2845 utentium
1661 2786 1783 2857 ipsis
1820 2787 1923 2856 pri-

113 2870 308 2941 vilegiis
340 2869 413 2940 ¹),
467 2877 569 2921 non
626 2870 863 2941 expedire
909 2870 1161 2939 videretur
1206 2881 1307 2924 tam
1356 2873 1498 2926 facile
1557 2890 1618 2925 ea
1648 2871 1923 2942 ,privilegia

113 2955 312 3026 largiri,
350 2973 474 3024 quae
511 2955 554 3007 si
591 2974 690 3008 non
727 2974 796 3008 ex
831 2965 1010 3025 natura
1045 2956 1378 3027 exemptionis
1415 2976 1503 3028 per
1541 2975 1623 3021 se,
1674 2964 1812 3015 certe
1851 2974 1921 3008 ex

113 3059 264 3112 prave
309 3040 549 3093 utentium
596 3039 814 3092 moribus
860 3040 911 3091 in
957 3041 1339 3094 destructionem
1384 3043 1675 3112 vergebant.
1758 3040 1921 3094 Nemo

115 3126 356 3197 ambiget,
404 3124 520 3195 quin
558 3126 740 3177 abusus
777 3126 912 3178 male
939 3126 1201 3197 utentium'
1228 3127 1509 3198 corrigendi
1551 3127 1683 3195 sint,
1734 3127 1920 3195 eisque,

116 3211 218 3280 qui.
252 3212 312 3264 ab
367 3210 613 3280 exemptis
663 3212 965 3280 ‚proveniunt
986 3251 1000 3275 ‚
1065 3210 1365 3265 Tridentina.
1415 3211 1653 3284 Synodus.
1705 3210 1920 3265 remedio

242 3423 274 3476 ¹)
307 3426 407 3467 Vide
436 3426 507 3465 illa'
535 3427 731 3467 Bernardi
764 3429 790 3470 Ι.
824 3428 865 3466 3.
899 3428 949 3467 de
980 3429 1148 3468 consid.
1182 3442 1216 3470 c.
1240 3428 1280 3467 4.
1313 3440 1417 3479 quae
1449 3428 1646 3481 descripsi
1681 3430 1740 3469 De
1771 3433 1921 3481 potest.

120 3485 232 3527 Ecct.
265 3498 354 3537 cap.
386 3485 428 3524 3.
460 3482 500 3536 §ss
527 3485 569 3525 2.
600 3487 780 3528 nun-4.
