2326 3854
26 3532 75 3550 210-

674 207 1318 267 ——125—

98 390 149 434 et
182 380 259 433 bis
296 386 549 432 correctus
585 394 686 429 non
722 375 992 448 resipiscit,
1047 373 1132 427 sed
1175 370 1408 444 pertinax
1445 380 1521 422 est
1556 370 1608 422 in
1645 371 1891 424 sententia

96 465 311 536 dogmati
347 463 605 517 manifesto
642 470 727 514 aut
763 461 959 514 definito
997 457 1266 526 contraria,
1303 458 1393 509 hac
1429 474 1528 508 sua·
1555 455 1745 526 publica
1779 475 1891 526 per-

94 550 304 615 tinacia,
353 567 459 602 cum
506 548 567 599 ab
615 545 811 598 haeresi
855 545 1052 617 proprie
1088 545 1246 611 dicta,
1294 560 1419 612 quae
1454 540 1774 612 pertinaciam
1811 559 1892 592 re-

95 634 270 704 quirit,
324 631 557 686 excusari
601 630 735 682 nulla
782 631 977 683 ratione
1025 637 1218 700 potest,
1262 636 1366 679 tum
1412 644 1533 680 vero
1577 625 1892 696 semetipsum

93 721 256 790 palam
293 718 509 769 declarat
545 715 858 779 haereticum,
899 715 990 767 hoc
1026 723 1104 767 est
1139 731 1170 764 a
1203 713 1294 766 fide
1330 711 1571 765 catholica
1607 721 1658 764 et
1695 712 1756 763 ab
1792 709 1891 763 Ec-

93 802 243 855 clesia
277 801 530 855 voluntate
563 799 764 870 propria
799 799 1086 867 recessisse,
1117 797 1190 850 ita
1211 807 1267 849 ut
1302 798 1363 850 ad
1388 816 1496 850 eum
1521 796 1893 867 praecidendum

94 906 126 940 a
164 903 368 957 corpore
402 882 659 938 Ecclesiae
703 885 837 939 nulla
883 887 1166 955 cujusquam
1202 881 1467 936 declaratio
1514 891 1601 934 aut
1643 881 1893 935 sententia

91 970 376 1024 necessaria
411 970 494 1022 sit.
567 968 840 1040 Perspicua
868 969 973 1023 hac
1013 969 1065 1021 in
1113 986 1169 1021 re
1216 977 1294 1020 est
1329 965 1382 1022 S.
1431 966 1727 1039 Hieronymi
1762 968 1892 1020 ratio

90 1055 142 1107 in
178 1055 372 1108 laudata
411 1053 563 1107 Pauli
591 1055 764 1108 verba.
840 1055 1142 1122 Propterea
1179 1074 1214 1106 a
1249 1056 1524 1121 semetipso
1562 1056 1756 1106 dicitur
1783 1072 1893 1105 esse

92 1143 397 1205 damnatus,
451 1143 577 1209 quia
613 1142 957 1208 fornicator,
1006 1141 1216 1190 adulter
1235 1177 1250 1202 ,
1309 1139 1574 1190 homicida
1623 1146 1675 1190 et
1716 1146 1895 1190 cetera

90 1229 220 1278 vitia
258 1245 362 1294 per
416 1227 732 1277 Sacerdotes
780 1242 850 1275 ex
898 1221 1141 1275 Ecclesia
1181 1224 1591 1291 propellantur3
1638 1224 1898 1275 haeretici·

91 1318 262 1363 autem
297 1313 351 1361 in
387 1312 689 1377 semetipsos
725 1311 1029 1360 sententiam
1061 1312 1264 1375 ferunt,
1300 1327 1395 1359 suo
1433 1308 1654 1359 arbitrio
1691 1310 1757 1359 de
1795 1309 1893 1361 Ec-

90 1396 253 1447 clesia
288 1396 607 1454 recedentes,
644 1413 779 1463 quae
815 1396 1041 1445 recessio
1073 1396 1335 1460 propriae
1368 1396 1721 1445 conscientiae
1756 1396 1894 1445 vide-

88 1487 177 1532 tur
216 1498 325 1531 esse
362 1481 648 1533 damnatio.
720 1477 962 1531 Pontifex
999 1496 1147 1546 ergo,
1196 1477 1278 1547 qui
1322 1487 1434 1547 post
1480 1486 1581 1530 tam
1627 1479 1893 1531 solemnem

91 1572 142 1616 et
177 1564 414 1634 publicam
452 1561 807 1628 Cardinalium,
844 1562 1060 1615 Romani
1085 1561 1238 1626 Cleri,
1275 1562 1355 1615 vel
1390 1562 1540 1614 etiam
1577 1562 1755 1633 synodi
1789 1582 1893 1615 mo·

90 1648 327 1700 nitionem
364 1666 475 1709 sese
511 1649 818 1702 obfirmatum
854 1648 1129 1718 praeferret
1163 1647 1215 1698 in
1251 1647 1463 1712 haeresi,
1500 1656 1551 1700 et
1585 1648 1644 1700 de
1667 1646 1895 1701 Ecclesia

89 1734 251 1804 palam
287 1733 607 1797 recessisset,
649 1735 802 1804 juxta
837 1742 1149 1804 praeceptum
1185 1731 1330 1785 Pauli
1365 1742 1498 1785 esset
1534 1733 1793 1799 vitandus3
1844 1742 1894 1785 et

91 1837 154 1871 ne
192 1818 303 1870 aliis
340 1818 604 1889 perniciem
641 1819 872 1883 afferret,
921 1818 972 1869 in
1008 1817 1249 1889 publicum
1285 1817 1579 1888 proferenda
1615 1827 1751 1871 esset
1787 1819 1893 1888 ejus

91 1903 312 1955 haeresis
348 1913 399 1955 et
442 1905 773 1968 contumacia,
821 1912 877 1955 ut
925 1921 1096 1955 omnes
1146 1903 1372 1956 similiter
1421 1904 1481 1956 ah
1530 1921 1589 1955 eo
1637 1912 1892 1968 caverent,

89 1987 257 2056 sicque
293 1988 569 2054 sententia,
613 2007 759 2058 quam
795 1988 847 2040 in
883 2006 939 2041 se
975 1989 1132 2059 ipsum
1170 1987 1307 2052 tulit,
1356 1987 1451 2039 toti
1486 1985 1742 2041 Ecclesiae
1778 2007 1892 2060 pro-

87 2073 272 2144 posita,
309 2090 419 2125 eum
453 2075 834 2127 suassvoluntate
869 2073 1168 2138 recessisse,
1206 2082 1256 2125 et
1292 2073 1352 2125 ab
1390 2071 1648 2126 Ecclesiae
1684 2092 1894 2144 corpore

88 2158 361 2211 declararet
396 2159 635 2224 avulsum,
672 2169 818 2229 atque
856 2158 1111 2212 abdicasse
1147 2159 1499 2228 quodammodo
1524 2157 1893 2224 Pontificatum,

89 2261 184 2311 quo
221 2261 364 2295 nemo
399 2243 606 2308 fruitur,
653 2262 746 2297 nec
792 2243 891 2296 frui
935 2253 1125 2315 potest,
1172 2243 1254 2312 qui
1299 2261 1401 2296 non
1450 2244 1518 2297 sit
1552 2244 1605 2296 in
1641 2242 1890 2298 Ecclesia.

88 2325 244 2381 Vides
280 2326 433 2397 igitur
467 2326 519 2379 in
557 2345 675 2380 casu
709 2328 959 2389 haeresiS,
996 2328 1073 2381 cui
1107 2326 1351 2381 Pontifex
1387 2330 1581 2400 privato
1619 2347 1770 2382 sensu
1807 2332 1892 2382 ad-

89 2413 336 2476 haereret,
372 2422 647 2484 promptum
683 2422 734 2466 et
770 2414 949 2467 efficax
985 2413 1250 2466 remedium
1275 2414 1460 2483 absque
1496 2415 1744 2484 generalis
1770 2434 1891 2486 syn-

88 2496 170 2549 odi
214 2496 595 2551 convocatione:
657 2516 752 2567 qua
804 2498 857 2550 in
910 2499 1171 2570 hypothesi
1222 2499 1452 2569 quidquid
1505 2510 1680 2553 contra
1733 2500 1891 2571 ipsum

90 2591 325 2652 ageretur
360 2591 475 2634 ante
519 2583 816 2636 declaratam
865 2585 970 2654 ejus
1016 2581 1371 2637 contumaciam
1420 2595 1469 2638 et
1518 2587 1761 2639 haeresim
1777 2627 1792 2652 ,
1839 2597 1893 2639 ut

89 2668 150 2719 ad
187 2685 359 2720 sanum
397 2666 653 2719 consilium
699 2668 1044 2733 adduceretur,
1093 2669 1345 2734 caritatis,
1402 2688 1501 2723 non
1531 2671 1891 2742 jurisdictionis

89 2751 298 2804 officium
334 2761 494 2804 esset:
544 2762 716 2822 postea
759 2771 880 2811 vero
926 2753 1240 2807 manifestato
1289 2757 1396 2826 ejus
1443 2775 1648 2810 recessu
1696 2758 1755 2809 ab
1792 2757 1893 2811 Ec-

90 2835 268 2896 clesia,
317 2835 360 2887 si
409 2854 535 2904 quae
581 2836 830 2888 sententia
878 2857 910 2890 a
954 2840 1160 2892 concilio
1209 2859 1263 2892 111
1301 2841 1504 2893 eundem
1552 2843 1794 2908 ferretur,
1840 2844 1893 2895 in

91 2939 199 2974 eum
235 2921 466 2984 ferretur,
505 2920 588 2989 qui
622 2920 866 2974 Pontifex
902 2923 1108 2993 amplius
1145 2942 1246 2976 non
1283 2935 1434 2990 esset,
1468 2944 1627 2995 neque
1664 2928 1892 2998 superior

90 3004 310 3058 concilim
386 3002 486 3057 Sed
522 3005 643 3058 haec
666 3005 708 3071 ¹)
743 3005 1034 3078 hypothesis
1069 3008 1202 3060 nullo
1239 3011 1368 3062 facto
1405 3012 1774 3082 comprobatur,
1824 3014 1892 3066 si·

176 3208 178 3212 ’
217 3207 248 3260 ¹)
275 3211 595 3264 Hypotheticnm
641 3212 802 3263 quidem
844 3223 982 3252 casum
1021 3216 1297 3254 tantummodo
1336 3216 1574 3266 praeferunt
1611 3217 1891 3270 du01antiqui

92 3271 253 3318 textus,
296 3270 365 3321 qui
392 3271 617 3311 Romanum
647 3270 888 3310 Pontificem
929 3272 980 3310 ab
1021 3272 1257 3312 inferiorum
1290 3275 1383 3325 jure
1423 3278 1649 3326 exemptum
1687 3276 1891 3317 affirmant

91 3326 171 3366 hac
201 3328 465 3378 exceptione,
506 3330 593 3370 nisi
634 3329 971 3380 deprehendatur
1001 3343 1026 3370 a
1049 3329 1140 3380 fide
1181 3332 1349 3379 devius,
1392 3334 1451 3372 uti
1482 3334 1659 3373 traditur
1688 3347 1779 3375 can.
1843 3337 1892 3377 Si

94 3385 218 3436 Papa
257 3398 305 3425 ex
345 3387 450 3431 actis
487 3388 690 3428 Bonifacii
720 3388 951 3439 Moguntini
992 3390 1102 3440 apud
1143 3391 1383 3431 Gratianum
1427 3393 1523 3434 dist.
1556 3392 1627 3432 40.
1675 3407 1710 3433 c.
1744 3397 1785 3434 6.
1828 3397 1892 3435 vel

94 3444 178 3483 nisi
208 3445 236 3483 a
276 3447 388 3484 recta
406 3441 497 3494 ‚tide
535 3448 848 3499 exorbitaverit,
891 3448 1224 3499 quemadmodum
1261 3450 1412 3500 legitur
1451 3452 1491 3490 in
1535 3452 1708 3493 concilio
1741 3454 1784 3494 V.
1817 3455 1890 3493 sub
