2326 3854
1019 146 1194 151 ψ,,-
1287 111 1371 167 98
1463 143 1636 153 -ώ

396 275 514 327 illud
551 286 740 329 eertum
795 275 889 330 diei
927 286 1125 348 potest3
1175 287 1226 330 et
1275 278 1521 347 quomodo
1571 287 1720 330 certa.
1761 276 2037 331 auotoritas
2086 290 2255 351 potest

397 362 554 415 tribui
582 364 836 428 coneilio,
886 364 1014 432 quod
1064 362 1310 435 principio
1360 373 1463 415 tam
1501 363 1728 429 incerto,
1783 381 1873 417 seu
1922 364 2085 435 potius
2123 367 2252 420 falso

398 450 584 519 nix11S,
635 453 810 504 ambos
857 460 976 502 tunc
1015 450 1074 502 de
1112 448 1311 521 Papatu
1349 451 1713 505 contendentes
1751 451 1832 506 vel
1869 449 2128 522 deposuit,
2173 455 2252 508 vel

396 537 561 609 potius
599 538 857 609 depositos
895 537 1230 609 praesumpsit
1266 547 1318 590 et
1354 538 1667 593 declaravit?
1715 534 1856 592 Haec
1894 538 1955 590 ad
1996 539 2251 593 abundan-

395 623 535 676 tiam.
614 622 766 676 Nune
804 623 865 675 ad
896 620 1354 693 ¹Cons'tantiensem
1394 627 1641 698 synodum
1678 626 1845 681 venio.
2236 637 2242 641 ’

1004 958 1328 1033 CAPU
1348 960 1420 1032 T
1477 949 1640 1032 VII.

399 1116 625 1169 Decreta
661 1116 1072 1165 Constantiensz‘a
1102 1124 1384 1166 Sessionum
1416 1127 1637 1180 quartae
1669 1127 1719 1166 et
1756 1124 1967 1180 quintae
1998 1122 2060 1166 de
2093 1116 2250 1182 Syno-

396 1178 581 1223 dorum
621 1178 942 1237 qeneralium
983 1183 1294 1226 auctoritate
1331 1196 1492 1241 supra
1534 1180 1798 1226 Romanos
1830 1179 2108 1239 Pontifices
2148 1185 2251 1228 vz'm

394 1252 498 1282 non
529 1238 720 1283 habent
747 1240 1006 1299 yeneralis
1036 1239 1252 1286 Conciliz'
1280 1240 1340 1286 ob
1410 1241 1546 1286 lures
1569 1242 1814 1300 defectus,
1850 1256 1913 1286 ac
1942 1239 2251 1302 praesertim

668 1302 790 1358 quia
823 1307 1004 1346 carent
1031 1301 1214 1346 saltem
1247 1256 1636 1360 consternatione
1665 1300 1977 1362 Apostolica.

543 1419 594 1469 l.
670 1415 933 1471 Gallicani
955 1418 1214 1472 Auctores
1253 1415 1466 1473 celebris
1492 1419 1902 1473 Declarationis
1941 1419 2248 1474 anni1682.

395 1505 643 1558 asserturi
679 1505 992 1576 generalium
1045 1508 1351 1579 synodorum
1391 1507 1744 1565 auctoritatem
1796 1522 1949 1579 supra
1989 1506 2252 1560 Romanos

392 1589 700 1658 PontifieeS,
753 1609 855 1645 non
893 1593 1100 1646 multum
1138 1594 1306 1647 fidisse
1343 1594 1578 1649 videntur
1617 1593 1778 1665 gestis
1818 1592 2015 1647 concilii
2053 1591 2252 1660 Pisani,

393 1698 523 1751 quae
561 1680 787 1753 pluribus
827 1678 1199 1735 difficultatibus
1226 1678 1387 1755 capite
1426 1681 1743 1754 praecedenti
1770 1679 2002 1734 indicatis
2029 1681 2254 1735 obnoxia

392 1768 606 1822 forsitan
628 1758 1081 1841 ‘praesentientem
1128 1768 1182 1822 in
1232 1770 1344 1843 ipsa
1382 1768 1747 1823 Declaratione
1785 1767 1986 1821 silentio
2024 1777 2252 1840 praeter-

392 1863 570 1908 euntes
610 1857 834 1921 omnino,
874 1858 983 1910 sola
1020 1855 1441 1911 Constantiensia
1477 1858 1682 1910 decreta
1719 1855 2004 1910 sessionum
2041 1861 2252 1931 quartae

392 1952 444 1995 et
480 1942 689 2013 quintae
726 1946 968 2015 putarunt
1004 1945 1313 2016 ingerenda3
1353 1945 1651 2014 eisdemque·
1674 1954 1731 1996 ut
1766 1943 2114 1997 inconcussam
2149 1943 2251 1998 vim

391 2030 649 2101 generalis
699 2031 898 2085 concilii
946 2031 1291 2098 vindicarent,
1349 2050 1410 2086 ea
1458 2053 1492 2084 a
1531 2034 1658 2085 sede
1696 2029 2016 2100 Apostolica
2054 2035 2246 2101 confir-

391 2126 540 2170 mata
582 2134 831 2190 expresse
880 2119 1273 2190 pronuntiarunt
1320 2138 1456 2173 num.
1497 2119 1550 2171 ⁶2.
1638 2116 1750 2171 Hoe
1800 2117 2113 2190 potissimum
2163 2118 2250 2171 ad-

391 2205 738 2259 versariorum
776 2206 1150 2260 fundamentum
1190 2207 1293 2280 (ex
1319 2225 1417 2278 quo
1455 2207 1800 2259 tantummodo
1827 2199 1919 2270 ea,
1959 2222 2086 2274 quae
2121 2204 2249 2259 vali-

392 2293 611 2346 dissimis
661 2293 914 2347 rationum
965 2305 1016 2348 et
1065 2297 1421 2349 auctoritatum
1469 2291 1755 2368 principiiS‚
1819 2308 1878 2346 ac
1933 2291 2248 2364 potissimum

392 2400 502 2434 eum
549 2389 660 2434 tota
719 2381 1024 2451 antiquitate
1071 2382 1448 2448 eonstituimuS,
1497 2380 1746 2435 infirmari
1795 2391 1962 2452 posse
1984 2378 2250 2451 videntur)

393 2487 539 2539 quam
576 2461 935 2540 ipsisdiffieile
983 2478 1062 2523 est
1099 2469 1294 2523 idoneis
1342 2459 1596 2540 certisque
1646 2467 1960 2539 argumentis
2011 2468 2248 2539 probare,

390 2565 493 2608 tam
532 2556 651 2608 mihi
675 2556 911 2611 vevidenti
956 2567 1254 2628 argumento
1294 2552 1640 2610 efficacissime
1679 2563 1913 2609 evertere
1962 2555 2247 2606 facillimum

392 2645 502 2696 fore
541 2643 753 2696 confido.
831 2643 996 2696 Multa
1032 2643 1265 2696 nimirum
1305 2643 1398 2697 hae
1435 2643 1488 2695 in
1538 2661 1596 2696 re
1634 2642 1800 2695 multis
1850 2641 2245 2694 circumstantiis

390 2731 632 2803 implicita
667 2731 722 2783 in
760 2732 1105 2801 quaestionem
1130 2731 1356 2797 veniunt,
1395 2744 1526 2801 quae
1562 2730 1662 2783 nisi
1688 2739 1803 2802 apte
1841 2729 1901 2781 ab
1941 2728 2248 2783 adversariis

393 2827 714 2884 statuantur,
774 2819 970 2874 ineerta
1019 2835 1242 2892 semper·
1266 2818 1365 2871 erit
1412 2837 1583 2871 earum
1632 2817 1915 2871 sessionum
1964 2834 2023 2870 ae
2073 2817 2248 2869 deere-

391 2917 559 2960 torum
607 2907 914 2973 auctoritas,
965 2909 1088 2961 adeo
1139 2917 1191 2959 ut
1242 2925 1311 2959 ex
1362 2907 1439 2959 his
1489 2906 1612 2958 nihil
1661 2905 1789 2959 certi
1838 2914 2014 2958 eontra
2064 2922 2158 2966 nos
2197 2914 2248 2957 et

393 3004 574 3048 eontra
623 3013 685 3048 ea
732 2996 1001 3067 explorata
1049 3004 1332 3060 momenta,
1402 3012 1532 3064 quae
1593 2992 1646 3044 in
1692 2990 2106 3065 praecedentibus
2153 3008 2244 3061 pro

396 3081 664 3135 Pontifleia
722 3081 1025 3135 auctoritate
1086 3082 1374 3147 attulimu8‚
1437 3081 1547 3134 elici
1596 3078 1772 3152 possit.
1861 3076 2243 3148 Discutiendum

393 3170 634 3242 siquidem
684 3180 732 3224 et
783 3168 1183 3224 constituendum
1233 3179 1397 3235 esset,
1447 3187 1561 3221 num
1599 3165 1825 3222 Joannes
1863 3161 2065 3216 XXIII.
2107 3165 2244 3236 cujus

395 3258 699 3312 auctoritate
736 3255 1135 3312 Constantiense
1172 3255 1434 3310 concilium
1471 3255 1710 3307 indictum
1745 3251 1864 3320 fuit,
1910 3251 2095 3323 potiori
2133 3269 2244 3305 cer-

393 3346 610 3416 tiorique
655 3349 771 3417 jure
815 3355 1046 3399 uteretur
1091 3344 1151 3397 ad
1200 3342 1362 3415 ipsum
1412 3340 1752 3405 indicendum,
1810 3357 1958 3409 quam
2009 3338 2097 3393 alii
2146 3339 2240 3391 duo

396 3434 781 3504 competitoi·eS‚
845 3431 1128 3503 Gregorius
1177 3429 1297 3482 XII.
1349 3440 1399 3483 et.
1442 3427 1749 3482 Benedictus
1794 3425 1938 3478 XIII.
2005 3426 2130 3489 huie,
2164 3425 2242 3478 in-
