2326 3854
1053 186 1670 242 ——96ffl

431 369 527 422 quo
565 350 809 423 pertinax
846 351 899 403 in
945 350 1215 403 schismate
1266 352 1327 403 ab
1378 350 1634 405 haeretico
1682 351 1903 423 practice
1957 370 2061 406 non
2097 355 2289 408 destin-

430 438 618 510 guitur.
713 437 933 491 Eosdem
983 455 1136 508 porro
1197 438 1260 491 ob
1314 439 1567 492 notorium
1618 437 1903 492 schismatis
1952 449 2003 492 et
2059 441 2285 496 haeresis

431 526 620 580 crimen
672 535 791 579 ante
839 542 1039 577 omnem
1088 526 1390 579 sententiam
1443 529 1563 596 ipso
1596 531 1751 595 facto
1803 527 1864 579 ab
1903 524 2136 581 Ecclesia
2172 547 2285 583 esse

430 614 705 686 praecisos,
746 621 798 664 et
837 630 867 664 a
892 609 1202 675 Pontificatu
1228 623 1599 682 consequenter
1624 613 1895 681 decidisse,
1936 632 1994 667 ac
2019 625 2284 686 propterea

432 701 666 753 Romana
714 698 832 752 sede
862 701 972 771 jam
1009 709 1226 781 vacantq
1273 700 1426 753 licere
1475 701 1537 753 ad
1586 700 1706 756 novi
1756 700 1981 771 certique
2022 699 2286 756 Pontificis

431 787 727 841 electionem
775 786 1014 840 transire.
1100 786 1254 840 Haec·
1290 786 1383 838 fuit
1431 788 1686 842 sententia
1734 787 1832 860 (T.
1876 789 1963 841 15.
2007 807 2148 843 conc.
2190 791 2285 843 col.

432 875 592 927 1216.
633 893 678 928 c.
721 871 913 928 Confer
951 875 1045 928 col.
1088 873 1249 927 1136.
1291 893 1340 939 a,
1378 873 1459 946 b.)
1502 873 1880 947 Theologorum
1923 887 2074 948 atque
2113 875 2285 931 Cano-

430 963 682 1025 nistarum
735 961 856 1015 103.
907 962 991 1034 qui
1043 959 1270 1016 Concilio
1314 962 1529 1033 jubente
1578 963 1632 1015 in
1679 963 1842 1035 prima
1890 965 2286 1037 congregatione

431 1050 648 1105 consulti
684 1052 888 1104 fuerant
926 1068 957 1102 a
994 1046 1255 1104 Cardinali
1292 1048 1684 1104 Mediolanensi.
1760 1049 1895 1104 Idem
1935 1070 2130 1122 quoque
2171 1070 2289 1105 cen-

431 1148 644 1193 suerunt
701 1137 788 1190 alii
825 1136 1078 1192 Doctores
1116 1137 1485 1192 Universitatis
1524 1136 1567 1190 F
1572 1139 1859 1192 lorentinae
1903 1157 2119 1193 numero
2163 1139 2285 1193 120.

430 1246 460 1280 a
512 1226 688 1297 quibus
739 1245 841 1279 non
883 1226 1234 1298 discreparant
1276 1223 1655 1280 Universitates
1695 1226 2064 1293 BononiensiS,
2107 1227 2287 1281 'Ande-

429 1313 695 1387 gavensiS,
750 1313 1171 1379 Aurelianensis,
1212 1311 1477 1366 Tolosana
1515 1323 1567 1368 et
1603 1313 1915 1385 potissimum
1954 1313 2288 1380 Parisiensis,

429 1421 558 1473 quae
607 1401 817 1456 eandem
867 1419 1010 1454 suam
1059 1399 1363 1454 sententiam
1425 1419 1516 1472 per
1565 1401 1761 1473 legatos
1810 1399 2037 1456 Concilio
2096 1401 2287 1472 signifi-

431 1500 629 1544 carunt.

577 1578 663 1630 15.
739 1574 880 1629 Haec
919 1584 1087 1628 autem
1123 1584 1202 1628 tot
1239 1573 1645 1648 Theologorum,
1695 1576 2119 1644 Canonistarum,
2155 1564 2287 1629 Uni-

430 1665 831 1734 versitatumque
883 1662 1126 1735 suffragia
1175 1672 1327 1734 atque
1378 1664 1627 1738 principia
1664 1663 1848 1722 Pisani
1887 1663 2080 1719 Patres
2128 1665 2288 1719 secuti

430 1762 737 1817 noscuntur,
788 1769 891 1803 non
940 1751 1100 1803 solum
1149 1769 1260 1804 cum
1309 1751 1364 1805 in
1413 1753 1574 1825 prima
1623 1763 1674 1806 et
1722 1753 1942 1807 secunda
1978 1752 2288 1819 sessionibus

386 1882 389 1886 -
430 1841 578 1896 citari
648 1839 918 1894 voluerunt
993 1839 1118 1892 duos
1175 1840 1566 1906 contendenteS,
1639 1859 1743 1894 non
1809 1840 2092 1894 nominibus
2118 1830 2132 1838 κ
2158 1838 2288 1893 Gre-

431 1929 563 2002 gorii
600 1926 722 1980 XJI.
775 1936 827 1981 et
863 1925 1127 1980 Benedicti
1163 1924 1341 1993 XIII.,
1391 1928 1479 1981 sed
1524 1928 1718 1999 Angeli
1757 1926 1988 1983 Corrarii
2040 1938 2091 1980 et
2139 1926 2287 1980 Petri

431 2018 490 2070 de
527 2014 695 2080 Luna,
735 2033 795 2067 eo
835 2013 965 2084 quod
1001 2013 1137 2085 ipsos
1177 2014 1238 2066 ob
1267 2014 1425 2068 dictas
1453 2033 1632 2069 causas
1669 2019 1789 2086 ipso
1821 2022 1975 2086 facto
2015 2015 2288 2088 depositoS,

433 2104 681 2158 actuales>
714 2100 992 2155 Pontifices
1047 2120 1151 2154 non
1207 2102 1480 2169 haberent,
1546 2121 1720 2156 verum
1779 2104 1958 2170 etiam,
2028 2113 2079 2157 et
2135 2103 2287 2155 multo

432 2191 657 2265 apertius
696 2209 807 2244 cum
856 2199 973 2262 post
1010 2188 1204 2259 aliquot
1242 2198 1384 2242 actus
1422 2189 1748 2244 intermedius
1787 2191 1839 2243 in
1877 2191 2134 2247 definitiva
2171 2208 2289 2244 sen-

429 2280 594 2334 tentia
656 2279 855 2333 eosdem
913 2286 969 2329 ut
1024 2275 1254 2329 notorios
1313 2276 1660 2332 schismaticos
1718 2287 1770 2331 et
1827 2278 2110 2332 haereticos
2167 2282 2287 2348 ipso

424 2373 581 2438 facto
631 2387 660 2420 a
698 2365 811 2420 Deo
863 2374 915 2418 et
965 2382 995 2417 a
1044 2363 1206 2418 sacris
1265 2364 1541 2418 canonibus
1590 2366 1762 2419 fuisse
1797 2366 2081 2438 depositos,
2135 2375 2187 2419 et
2224 2366 2285 2418 ab

429 2453 692 2509 Ecclesiae
731 2471 943 2525 corpore
979 2451 1239 2524 praecisos
1278 2452 1599 2506 declararunt
1629 2454 1875 2517 sessione¹
1897 2440 2287 2524 quartadecima,

433 2552 703 2612 antequam
740 2541 799 2594 in
831 2540 970 2612 ipsos
1009 2538 1333 2611 depositionis
1373 2541 1674 2594 sententiam
1713 2543 1938 2607 ferrent,
1991 2559 2082 2594 seu
2119 2539 2285 2612 potius

433 2639 586 2683 antea
643 2629 799 2682 latam
856 2627 1192 2679 declararent.
1289 2621 1423 2692 Quid
1477 2636 1581 2680 tam
1632 2629 1786 2699 vlonge
1837 2627 2065 2699 quaesito
2103 2626 2288 2698 princi-

430 2718 625 2790 piorum
675 2713 888 2780 circuitu
933 2713 1124 2765 laudati
1162 2712 1435 2786 Theologi
1460 2733 1520 2768 ac
1551 2714 1682 2786 juris
1719 2713 2003 2780 DoctoreS,
2052 2732 2147 2767 nec
2185 2732 2286 2765 non

432 2825 542 2859 cum
579 2803 704 2876 ipsis
743 2799 960 2856 Concilii
995 2799 1186 2854 Patres
1223 2801 1303 2854 usi
1339 2801 1572 2868 fuissent,
1610 2811 1666 2854 ut
1693 2802 2055 2855 contendentes
2090 2801 2287 2854 aliunde

432 2898 550 2963 ipso
584 2897 741 2961 facto
779 2889 1052 2961 depositoS,
1094 2898 1145 2941 et
1182 2898 1423 2960 tanquam
1439 2888 1759 2943 Pontificatu
1796 2888 2110 2961 exspoliatos
2150 2886 2288 2943 Con—

432 2980 544 3033 cilio
603 2980 813 3032 subesse
870 2977 1222 3043 adstruerent,
1289 2987 1561 3048 antequam
1618 2977 1672 3029 in
1728 2977 1929 3030 eosdem
1986 2975 2287 3030 auctoritate

432 3066 630 3120 concilii
677 3074 921 3137 agerent3
982 3064 1027 3117 si
1074 3066 1213 3136 ipsos
1261 3065 1313 3117 in
1364 3085 1486 3119 casu
1534 3064 1820 3119 schismatis
1866 3073 2106 3133 tanquam
2154 3063 2285 3116 dubii

425 3154 557 3226 juris
596 3151 875 3206 Peontifices
913 3152 1175 3206 concilium
1223 3154 1465 3224 generale
1511 3171 1602 3225 per
1651 3169 1707 3204 se
1745 3150 1973 3203 absolute
2013 3169 2161 3222 posse
2200 3152 2286 3204 de—

432 3260 620 3313 ponere
647 3241 1071 3295 existimassent?
1111 3238 1375 3307 Quomodo
1414 3242 1539 3294 haec
1575 3248 1706 3303 acta,
1745 3236 1922 3307 quibus
1960 3235 2139 3290 Pisani
2177 3236 2284 3291 Pa-

432 3339 539 3382 tres
579 3338 794 3401 egerunt
828 3327 882 3379 in
941 3345 1058 3393 eoS,
1105 3346 1231 3398 quos
1279 3328 1670 3400 praesumebant
1719 3343 1748 3376 a
1786 3322 2096 3400 Pountilicatu
2133 3326 2285 3397 depo-

434 3415 578 3480 sitoS,
619 3426 670 3470 et
708 3434 811 3468 non
850 3433 965 3468 esse
1003 3414 1210 3487 amplius
1248 3414 1542 3478 Pontifices,
1567 3413 1819 3485 prodesse
1857 3421 2070 3484 possunt
2106 3411 2285 3465 adver-

434 3502 602 3568 sariiS,
640 3512 694 3555 ut
733 3502 919 3556 exinde
958 3503 1198 3573 probetur
1215 3505 1302 3573 jus
1341 3500 1539 3555 concilii
1575 3487 1831 3571 generalis
1871 3518 2021 3571 supra
2060 3499 2283 3553 actuales
