2326 3854
937 140 1600 196 ——116---

343 323 507 374 super
547 309 896 374 prae-missis,
954 323 1083 375 quae
1133 304 1290 358 meris
1339 305 1801 358 constitutionibus
1845 305 2193 374 synodalibus

343 391 665 447 conveniunt.
744 390 877 460 Quid
913 391 1024 444 ita?
1089 388 1225 459 Quia
1261 390 1449 445 Patres
1488 388 1915 445 Constantienses
1961 391 2194 445 viderunt

342 478 434 534 hac
470 479 524 532 in
562 499 619 534 re
657 497 761 532 non
807 477 1079 549 expedire,
1126 497 1221 533 nec
1270 497 1396 552 opus
1446 497 1560 533 esse
1610 477 1817 531 definire
1857 478 1944 549 jus
1995 478 2194 532 concilii

339 566 648 620 oecumenici
684 584 839 637 supra
862 562 1060 637 Papam
1086 575 1324 638 tanquam
1361 567 1543 638 dogma
1568 565 1709 632 fidei3
1749 565 1838 618 sed
1874 564 2124 633 sufficere,
2151 565 2195 617 si

341 653 404 706 ad
439 653 711 707 tollendum
750 651 971 706 schisma
1009 652 1321 725 aliorumque
1371 654 1722 709 scandalorum
1759 651 2059 717 remedium,
2110 651 2196 704 de-

339 739 492 794 cretis
530 757 591 792 ac
627 739 912 812 praeceptis
936 739 1174 812 practicis
1199 751 1482 809 uterentur,
1521 741 1699 813 quibus
1725 758 1797 795 ex
1821 738 1992 794 divino
2015 738 2194 792 saltem

338 825 656 896 naturalique
685 827 802 898 jure
838 826 989 881 iidem
1025 828 1288 900 pontifices
1334 828 1709 900 obligarentur,
1758 825 2006 897 minisque
2042 825 2197 880 etiam

339 913 520 967 additis
555 913 951 985 impellerentur,
985 913 1185 968 etiamsi
1222 933 1294 969 ex
1328 924 1471 970 certo
1503 915 1738 986 dogmate
1771 932 1876 967 non
1912 912 2195 978 definirent,

337 1019 456 1053 num
485 1003 571 1074 jus
609 1000 809 1055 concilii
846 1019 937 1074 per
974 1019 1031 1055 se
1069 1020 1223 1074 supra
1259 1000 1456 1075 Papam
1493 1012 1662 1068 esset,
1700 1018 1795 1055 nec
1831 1018 1915 1053 ne.

489 1086 577 1141 13.
652 1086 750 1142 Hic
807 1097 974 1142 autem
1032 1089 1358 1144 adversarios
1424 1089 1729 1145 clamaturos
1783 1086 2080 1160 praevident
2149 1086 2195 1140 si

297 1211 305 1215 -
340 1172 619 1228 Pontifices
658 1193 820 1246 neque
859 1175 1029 1231 divino
1067 1195 1231 1247 neque
1277 1176 1496 1231 naturali
1536 1178 1655 1250 jure
1694 1184 1995 1230 moveantur
2033 1175 2095 1227 ad
2133 1193 2195 1228 ea

335 1261 659 1334 praestanda,
696 1281 825 1333 quae
860 1263 995 1317 bono
1032 1260 1297 1318 Ecclesiae
1335 1273 1454 1318 sunt
1492 1262 1812 1329 necessaria3
1852 1279 2016 1333 neque
2055 1259 2193 1315 Con-

336 1344 503 1404 cilium
539 1350 858 1421 quantumvis
894 1352 1135 1422 generale
1171 1351 1334 1424 possit
1371 1370 1460 1406 eos
1497 1350 1673 1424 poenis
1711 1348 1922 1420 aliisque
1959 1348 2195 1417 subsidiis

337 1436 597 1491 canonicis
635 1455 848 1508 cogere,
905 1455 1076 1492 nonne
1115 1436 1355 1501 Christus
1406 1456 1530 1491 suae
1566 1435 1826 1491 Ecclesiae
1862 1437 2028 1490 minus
2079 1445 2195 1508 apte

336 1523 667 1596 prospexisse
704 1523 942 1579 dicendus
980 1524 1107 1592 erit,
1147 1536 1200 1580 et
1237 1527 1501 1591 scandala,
1542 1524 1587 1577 si
1627 1542 1756 1594 quae
1795 1542 1826 1576 a
1863 1522 2194 1576 Pontificibus

338 1610 696 1684 provenirent,
745 1611 857 1666 sine
901 1612 1083 1667 idoneo
1133 1614 1354 1667 remedio
1402 1611 1700 1683 reliquisse?
1775 1609 1918 1664 Haec
1954 1609 2085 1664 ratio
2123 1627 2195 1663 ex

339 1697 649 1753 necessitate
687 1699 896 1754 remedii
934 1701 1084 1754 ducta
1128 1710 1180 1754 et
1225 1701 1278 1754 in
1327 1701 1544 1773 speciem
1582 1699 1727 1753 valde
1764 1698 2060 1771 probabilis,
2107 1696 2196 1750 illa

338 1797 447 1854 est,
496 1805 625 1858 quae
662 1805 772 1841 cum
818 1805 983 1842 novae
1020 1787 1244 1860 opinioni
1279 1788 1339 1842 de
1386 1796 1640 1861 potestate
1676 1785 2000 1840 conciliorum
2039 1803 2196 1857 gene-

337 1875 515 1929 ralium
553 1894 706 1947 supra
743 1872 1020 1929 Pontifices
1057 1874 1368 1930 inducendae
1412 1875 1466 1928 in
1505 1893 1627 1928 casu
1665 1872 1950 1927 schismatis
1989 1891 2194 1927 causam

338 1963 491 2029 dedit,
528 1973 587 2016 ut
611 1962 844 2028 vidimuS,
885 1973 1150 2017 tum'vero
1191 1963 1316 2016 adeo
1356 1972 1562 2035 recepta
1598 1960 1692 2014 fuit
1729 1978 1768 2013 a.
1786 1959 2029 2014 Patribus
2056 1957 2195 2013 Con-

336 2050 728 2115 stantiensibus,
778 2058 834 2101 ut
870 2066 983 2102 eam
1021 2049 1085 2102 ad
1122 2067 1271 2103 casus
1311 2068 1507 2120 quoque
1551 2047 1666 2101 fidei
1712 2057 1764 2101 et
1817 2046 2194 2102 reformationis

336 2137 595 2211 generalis
633 2155 829 2190 morum
865 2135 918 2188 in
957 2135 1120 2209 capite
1159 2145 1209 2190 et
1254 2136 1309 2190 in
1356 2136 1596 2191 membris
1633 2135 1876 2189 duxerint
1912 2135 2195 2189 extenden-

328 2228 448 2281 dam
488 2225 716 2280 recitatis
754 2223 1003 2291 decretis3
1042 2224 1221 2294 quibus
1257 2234 1428 2278 tamen
1462 2243 1576 2278 cum
1615 2241 1705 2277 eos
1731 2222 1953 2277 noluisse
1978 2222 2195 2277 condere

338 2324 531 2369 certum
571 2315 826 2367 decretum
872 2310 986 2364 fidei
1041 2303 1284 2366 hactenus
1333 2311 1466 2365 dicta
1511 2310 1872 2389 comprobant,
1925 2319 2031 2363 tum
2069 2327 2194 2364 vero

338 2403 512 2456 eadem
548 2399 684 2454 ratio
722 2397 847 2472 ipsis
886 2398 1103 2452 decretis
1142 2418 1314 2454 merae
1351 2397 1604 2472 opinionis
1641 2396 2046 2469 probabilitatem
2082 2395 2194 2468 qui-

339 2489 451 2542 dem
498 2488 717 2558 aliquam
765 2486 887 2540 dare
934 2485 1123 2558 potuit,
1173 2506 1275 2540 non
1312 2505 1436 2541 vero
1486 2484 1855 2539 certitudinem·
1883 2484 2013 2550 fidei,
2065 2483 2196 2555 quod

338 2574 461 2629 mihi
495 2575 550 2628 in
574 2574 977 2647 praesentiarum
1013 2573 1212 2627 sufficit.
1290 2570 1448 2626 Certo
1489 2572 1622 2631 enim
1661 2571 1902 2643 primatus
1932 2571 2058 2641 juri,
2096 2588 2193 2640 quo

338 2662 520 2716 summi
555 2660 850 2715 hierarchae
886 2660 1177 2733 superiores
1215 2669 1334 2711 sunt
1366 2667 1478 2713 tota
1514 2657 1750 2712 Ecclesia
1787 2658 1941 2712 etiam
1979 2675 2193 2728 congre-

339 2747 460 2822 gata
507 2748 562 2802 in
609 2747 842 2821 generali
887 2746 1132 2814 concilio,
1176 2747 1424 2818 quo—modo
1473 2746 1818 2819 praejudicare
1857 2753 2025 2818 potest
2061 2763 2195 2799 nova

340 2836 465 2891 hacc
501 2835 670 2909 opinio
711 2837 845 2890 nullo
887 2835 1092 2907 antiquo
1129 2844 1279 2888 textu
1319 2844 1407 2889 aut
1444 2835 1678 2907 exemplo
1706 2832 1928 2905 legitimo
1965 2832 2105 2900 fulta,
2145 2842 2195 2886 et

340 2924 529 2979 rationi
563 2934 761 2978 tantum
798 2923 1047 2996 probabili
1079 2922 1266 2976 innixa
1286 2962 1300 2988 ‚
1341 2922 1658 2993 decretisque
1698 2917 2194 2984 Constantiensibus‚

342 3031 470 3084 quae
518 3011 571 3066 vi
619 3009 1106 3084 generalis'synodi
1156 3020 1359 3076 carent,
1421 3028 1515 3065 nec
1571 3009 1793 3064 condunt
1843 3016 2032 3062 certam
2080 3005 2195 3059 fidei

342 3099 656 3155 doctrinam?
721 3095 853 3166 Quid
890 3116 1042 3170 porro
1081 3097 1127 3150 si
1164 3117 1227 3151 ea
1262 3097 1373 3170 ipsa
1411 3097 1572 3162 ratio,
1628 3113 1757 3167 quae
1790 3112 1882 3166 pro
1919 3095 2028 3165 ejus
2065 3103 2193 3147 tem·

341 3188 480 3261 poris
518 3186 766 3259 angustiis
804 3203 866 3240 ac
904 3184 1295 3258 circumstantiis
1323 3183 1594 3258 probabilis
1628 3181 1742 3238 visa
1778 3191 1875 3247 est,
1911 3180 2079 3235 inanis
2103 3200 2195 3253 per

343 3295 459 3331 sese
495 3285 646 3346 atque
681 3274 851 3347 inepta
888 3273 1224 3328 demonstrari
1273 3274 1460 3344 queat?
1533 3270 1585 3325 ld
1622 3268 1816 3344 patebit
1865 3287 1935 3323 cx
1972 3269 2193 3324 dicendis

342 3362 508 3436 capite
544 3362 795 3433 sequenti.

2193 3454 2212 3486 ι
