2326 3854
681 190 1283 246 *73—

87 358 346 412 ordinariis
393 358 611 421 casibu83
669 373 832 407 nonne
881 354 932 405 in
991 352 1252 404 ordinariis
1298 362 1347 404 et
1395 350 1599 403 minoris
1649 353 1884 404 momenti

85 444 234 494 multo
271 442 462 511 magis?
500 459 658 510 neque
695 440 823 493 enim
849 455 916 491 ex
935 455 1190 490 causarum
1213 435 1447 504 qualitate
1476 435 1883 488 extraordinaria

85 527 162 581 vel
207 526 453 578 ordinaria
499 525 712 596 supremi
761 522 938 593 judicis
980 521 1258 591 jurisdictio
1306 521 1507 591 pendet3
1560 538 1651 572 nec
1702 519 1785 588 qui
1832 520 1884 571 in

88 611 496 664 extraordinariis
542 619 591 662 et
637 607 950 678 gravioribus
1000 606 1164 658 causis
1214 606 1438 676 superior
1491 605 1736 675 legitimus
1790 615 1883 672 est,

87 697 137 747 in
172 695 455 764 vulgaribus
490 692 671 745 desinit
707 710 819 744 esse
856 691 1096 760 superior.
1170 691 1224 741 Id
1260 709 1380 744 vero
1429 689 1587 759 magis
1625 691 1775 741 multo
1815 690 1885 741 di-

87 779 314 846 cendum,
363 778 408 830 si
456 796 555 829 non
602 786 780 845 agatur
829 776 886 827 de
936 775 1159 843 generali
1206 773 1408 847 Synodo
1461 776 1776 828 convocanda
1823 776 1883 827 ob

88 882 251 916 casum
282 863 536 932 vulgarem
574 871 624 913 et
670 860 994 926 ordinarium,
1051 862 1188 931 cujus
1238 879 1386 913 causa
1422 878 1593 912 omnes
1629 858 1886 912 Ecclesiae

89 947 438 1002 convocatione
484 945 709 1016 generali
757 963 856 996 non
903 955 1071 997 essent
1108 937 1516 1009 commovendae‚
1565 946 1648 998 sed
1689 955 1885 1015 agatur,

89 1041 144 1082 ut
189 1049 347 1084 canon
396 1031 644 1099 loquitur,
699 1032 765 1081 de
812 1035 1143 1083 oecumenica
1192 1035 1394 1101 synodo
1441 1033 1690 1097 collecta,
1740 1041 1790 1083 et
1828 1031 1888 1083 ad

88 1134 228 1185 quam
266 1115 488 1185 quaestio
526 1115 701 1178 delata,
738 1114 789 1164 in
821 1114 1173 1167 discussionem
1210 1116 1358 1168 etiam
1395 1116 1462 1168 sit
1499 1116 1797 1182 adducenda,
1833 1126 1888 1167 ut

88 1201 295 1252 innuunt
339 1201 448 1252 illa:
508 1200 719 1251 Licebit
746 1219 861 1251 cum
897 1202 1104 1252 decenti
1154 1203 1449 1251 reverentia
1497 1202 1562 1251 de
1601 1204 1888 1268 proposita

89 1290 389 1354 quaestione
416 1271 732 1336 ⁸veneranter
769 1289 1112 1352 percontari,
1160 1303 1570 1353 responsumque
1610 1287 1886 1337 admittere

89 1378 181 1422 etc.
254 1367 356 1423 Cur
391 1369 443 1420 in
479 1368 571 1422 hac
607 1369 911 1437 quaestione,
949 1387 1074 1438 quae
1112 1387 1213 1421 non
1249 1378 1536 1421 versaretur
1575 1369 1706 1422 circa
1743 1388 1887 1422 casus

88 1454 511 1507 extraordinarios
547 1453 598 1504 in
637 1452 1014 1507 Constantiensi
1050 1454 1322 1517 indicatoS,
1360 1458 1633 1522 impudens
1671 1455 1764 1507 dici
1800 1474 1887 1525 po-

87 1541 280 1603 tuisset,
318 1540 550 1609 generale
587 1539 839 1592 concilium
876 1548 1064 1592 contra
1099 1541 1322 1592 senioris
1359 1539 1560 1591 Romae
1601 1540 1887 1608 Pontifices

91 1629 392 1677 sententiam
441 1627 646 1685 dicere,
702 1624 745 1676 si
790 1623 974 1678 Patres
1023 1623 1345 1677 credidissent
1401 1623 1556 1693 ipsam
1606 1624 1888 1692 generalem

91 1710 328 1780 synodum
364 1727 451 1779 per
487 1726 541 1760 se
571 1710 655 1778 jus
693 1709 875 1762 habere
911 1728 1060 1780 supra
1096 1708 1355 1761 Romanos
1393 1706 1710 1761 Pontifices?
1757 1706 1891 1773 Quot

92 1794 305 1845 minores
365 1793 590 1844 aliorum
620 1791 974 1864 Episcoporum
1034 1811 1212 1869 causae
1273 1792 1403 1845 inter
1461 1793 1891 1846 extraordinarios

91 1896 233 1930 casus
270 1896 366 1929 non
405 1878 692 1930 referendae
727 1879 780 1930 in
806 1879 1116 1948 generalibus
1151 1878 1357 1949 synodis
1394 1879 1592 1930 fuerunt
1629 1879 1890 1932 definitae?

89 1961 144 2015 In
183 1962 344 2014 causis
383 1971 544 2013 autem
582 1962 718 2015 circa
751 1965 914 2016 sedem
952 1963 1290 2033 Apostolicam
1336 1973 1420 2014 aut
1456 1962 1715 2016 Romanos
1752 1963 1890 2016 Pon-

92 2047 247 2099 tifices
285 2045 336 2098 in
374 2046 666 2116 hypothesi,
715 2067 807 2117 qua
844 2066 944 2106 non
980 2049 1136 2100 solum
1187 2048 1377 2100 delatae
1431 2057 1602 2100 essent
1649 2049 1708 2099 ad
1746 2066 1890 2101 occu-

94 2131 328 2184 menicam
367 2132 604 2202 synodum
640 2134 745 2202 jam
799 2134 1074 2199 collectam,
1131 2133 1225 2184 sed·
1261 2133 1321 2184 ad
1370 2150 1583 2185 examen
1621 2133 1768 2185 etiam
1807 2135 1893 2187 de-

94 2217 297 2281 ductae3
365 2234 479 2266 num
532 2216 859 2287 impudentiae
913 2218 1122 2270 adscribi
1177 2227 1346 2288 posset
1407 2218 1682 2282 sententia,
1749 2237 1892 2287 quam

96 2300 293 2369 cognita
330 2317 477 2353 causa
514 2301 736 2371 superior
771 2303 823 2354 in
859 2302 1140 2355 inferiorem
1179 2304 1365 2355 ferret?
1426 2302 1565 2355 Haec
1601 2303 1768 2372 utique
1805 2322 1892 2374 ge-

97 2385 278 2436 neralis
316 2401 526 2437 censura
563 2404 751 2438 canone
786 2388 982 2439 laudato
1032 2388 1127 2439 alia
1163 2388 1222 2439 de
1260 2405 1410 2440 causa
1446 2388 1610 2439 afficta
1645 2406 1745 2438 non
1782 2388 1890 2453 fuit,

98 2469 190 2520 nisi
229 2469 341 2537 quia
386 2472 608 2539 generali
657 2491 846 2541 quoque
895 2472 1102 2525 concilio
1132 2475 1216 2542 jus
1262 2491 1350 2542 per
1388 2490 1499 2525 sese
1547 2474 1599 2524 in
1636 2473 1893 2527 Romanos

95 2554 362 2607 Antistites
399 2556 575 2606 nullum
623 2566 898 2627 competere
936 2557 1243 2610 crediderunt
1297 2566 1501 2610 octavae
1551 2559 1895 2612 oecumenicae

98 2639 274 2709 synodi
308 2637 507 2704 Patres,
547 2641 628 2709 qui
665 2660 770 2708 cum
808 2645 912 2694 fere
950 2641 1232 2695 Orientales
1269 2642 1475 2707 fuerint,
1515 2654 1697 2711 quanto
1735 2645 1894 2715 magis

99 2724 158 2774 ab
197 2723 327 2775 omni
379 2726 675 2795 praejudicio
731 2737 781 2780 et
829 2728 1005 2780 affectu
1059 2727 1229 2791 liberi,
1275 2736 1415 2778 tanto
1465 2728 1625 2780 minus
1681 2731 1895 2800 suspecti

101 2825 210 2858 esse
248 2816 443 2874 queunt.

917 2978 964 3045 ς.
1002 2978 1063 3029 11.

94 3089 165 3142 'De
193 3091 324 3139 gestis
363 3091 617 3141 synodorum
655 3093 1008 3142 particularium,
1051 3107 1101 3134 ac
1131 3095 1180 3134 de
1221 3089 1384 3146 aliquot
1428 3098 1737 3147 insignioribus
1777 3099 1895 3137 test-i-

104 3149 278 3195 ntortius,
321 3160 426 3200 quae
467 3150 742 3199 praeiverunt
771 3151 1183 3192 schismati-saeculi
1216 3153 1284 3192 XI
1293 3154 1333 3197 V,
1366 3156 1637 3207 conciliisque
1670 3156 1827 3196 Pisano
1859 3160 1898 3196 et

838 3210 1163 3250 Constantiensi.

241 3318 292 3370 8.
367 3315 551 3384 Quodsi
604 3321 736 3373 nulla
789 3323 1092 3392 generalium
1139 3325 1436 3395 synodorum
1484 3326 1766 3379 testimonia
1814 3337 1898 3378 aut

104 3411 243 3469 gesta
282 3403 671 3458 adversariorum
727 3407 1002 3460 sententiae
1045 3419 1279 3478 prosunt3
1330 3411 1481 3463 multo
1526 3411 1705 3464 minus»
1724 3413 1896 3465 suffra-
