2326 3854
648 217 1292 274 ---157——-—

67 383 148 435 illo
183 380 336 452 ipsius
373 380 649 434 certissimo
697 379 964 451 principie,
1013 378 1142 448 quod
1176 374 1490 448 praecedenti
1537 375 1697 446 capite
1734 385 1869 430 retu-

0 482 5 486 ·
66 466 206 518 limus
244 484 376 517 mun.
415 467 466 518 2.
514 465 743 518 nimirum
785 466 975 516 Omnia
1010 466 1109 516 illa
1146 470 1198 514 et
1240 463 1358 515 sola
1393 479 1504 514 esse
1534 463 1872 530 primoyem‘a

68 558 118 603 et
155 553 455 603 essentialia
474 556 613 621 jara
643 552 931 618 primatus,
977 551 1089 600 sine
1126 548 1310 617 quibus
1345 549 1522 599 unitas
1556 564 1664 597 non
1696 552 1875 614 potest

67 639 287 688 servari.
371 633 506 686 Num
558 635 744 702 absque
808 651 869 686 ea
933 631 1150 686 omnium
1213 630 1616 684 subordinatione
1669 628 1871 683 Summo

66 719 369 772 Hierarchae
404 719 485 773 vel
519 718 571 770 in
607 716 828 771 materiis
865 715 1148 787 disciplinae
1185 715 1351 769 unitas
1387 713 1643 770 Ecclesiae
1679 714 1873 770 servari

67 803 246 856 diutius
282 805 482 874 posset?

208 890 258 942 4.
330 887 469 941 Haec
507 895 671 940 autem
709 886 1046 941 subordinatio
1083 884 1284 940 Summo
1320 885 1553 940 Pontifici
1602 885 1769 939 debita
1805 902 1875 938 ex

68 973 149 1025 illo
195 973 359 1027 divino
401 974 546 1042 jure,
595 990 691 1042 quo
736 972 1001 1026 inferiores
1046 972 1225 1025 debere
1267 971 1564 1043 praepositis
1609 970 1714 1023 suis
1761 970 1876 1022 sub—

60 1059 230 1128 jacere
265 1056 453 1110 Paulus
492 1055 648 1129 (Heb.
690 1057 786 1122 13,
825 1055 942 1128 17.)
985 1066 1227 1121 testatur,
1273 1057 1334 1108 ab
1370 1056 1490 1127 ipsis
1519 1055 1567 1127 ¹)
1616 1054 1877 1126 Apostolis

68 1143 332 1198 observata
368 1142 458 1195 fuit
493 1161 616 1213 erga
651 1139 706 1195 S.
742 1140 950 1194 Petrum
984 1141 1252 1212 principem
1290 1149 1342 1193 et
1377 1140 1683 1211 superiorem
1717 1156 1876 1203 suum,

69 1246 168 1280 non
205 1229 334 1297 quod
369 1246 438 1281 ex
473 1227 595 1298 ipsis
643 1225 835 1295 aliquid
870 1225 1118 1296 gravioris
1153 1225 1401 1277 scissurae
1450 1234 1502 1276 et
1537 1223 1876 1287 dissensioniS,

70 1332 195 1382 quae
230 1314 472 1366 unitatem
509 1313 848 1381 abrumperet,
886 1318 1022 1363 esset
1057 1296 1322 1362 timendum
1338 1346 1354 1373 ,
1391 1308 1478 1361 sed
1514 1308 1567 1360 in
1601 1309 1877 1360 futurorum

70 1407 343 1469 temporum
383 1405 461 1450 et
514 1394 868 1466 Episcoporum
930 1412 1271 1448 suceessorum
1321 1384 1524 1445 suorum
1580 1394 1878 1464 exemplum,

69 1490 126 1533 ut
159 1481 236 1534 his
273 1482 489 1552 ejusdem
524 1479 940 1533 subordinationis
977 1479 1190 1531 debitum
1225 1495 1347 1548 erga
1383 1476 1529 1531 Petri
1563 1495 1879 1532 successores

73 1565 329 1619 Romanos
364 1564 636 1618 Antistites
674 1565 1088 1617 commendarent.
1140 1561 1308 1616 vHanc
1353 1562 1545 1631 quidem
1588 1563 1879 1616 subordina-

71 1650 253 1703 tionem
289 1650 344 1703 in
378 1650 674 1705 universalis
709 1648 966 1702 Ecclesiae
1001 1647 1241 1719 regimine
1284 1666 1403 1701 cum
1437 1657 1696 1719 praestare
1732 1649 1875 1701 debe·

73 1745 185 1789 rent
230 1735 326 1806 ipsi
358 1734 592 1806 Apostoli
637 1732 694 1787 S.
731 1733 889 1787 Petro
936 1734 1066 1787 bono
1117 1732 1323 1786 unitatis
1371 1733 1567 1786 ratione
1610 1733 1879 1804 primatus3

65 1823 179 1891 jure
227 1822 456 1874 damnata
499 1819 592 1871 fuit
631 1819 901 1890 propositio
948 1819 1008 1872 de
1050 1818 1238 1890 bicipiti
1271 1816 1526 1872 Ecclesiae
1571 1818 1731 1889 eapite
1780 1816 1878 1870 SS.

74 1905 231 1961 Petro
283 1914 334 1958 et
374 1904 529 1960 Paulo
575 1922 634 1957 eo
689 1922 842 1957 sensu
890 1913 1092 1975 accepta
1153 1911 1206 1956 et
1250 1906 1551 1972 explicata,
1604 1911 1664 1956 ut
1706 1910 1884 1972 ponat

73 1993 420 2042 omnimodam
466 1991 838 2058 aequalitatem
881 1992 1020 2040 inter
1071 1990 1127 2040 S.
1163 1990 1383 2041 Petram
1433 1997 1485 2041 et
1533 1990 1592 2041 S.
1633 1989 1883 2049 Paulam,

79 2075 257 2127 SINE
293 2072 1004 2126 SUBORDINATIONE
1043 2081 1095 2126 et
1137 2075 1458 2145 subjectione
1495 2074 1567 2125 S.
1610 2074 1776 2126 Pauli
1810 2075 1886 2126 ad

80 2161 135 2212 S.
174 2160 395 2212 Petrum
446 2160 502 2211 in
545 2165 808 2226 potestate
859 2178 1107 2227 suprema
1161 2166 1214 2211 et
1264 2162 1519 2228 reyimine
1572 2160 1883 2211 universalis

76 2245 378 2296 Ecclesiae:
425 2243 640 2311 haecque
676 2242 1017 2300 condemnatio
1056 2247 1106 2295 e't
1143 2243 1411 2314 explicatio
1449 2262 1479 2295 a
1513 2252 1622 2295 tota
1655 2242 1884 2296 Ecclesia

77 2328 224 2380 etiam
260 2326 519 2380 Gallicana
556 2337 785 2398 suscepta
829 2337 881 2380 et
929 2328 1200 2398 approbata
1236 2327 1342 2382 fuit.
1419 2326 1549 2381 Vide
1586 2326 1669 2378 lib.
1708 2329 1796 2379 De
1833 2331 1886 2379 vi

79 2421 130 2465 et
172 2416 380 2465 ratione
423 2416 684 2481 primatus
739 2430 782 2465 c.
821 2412 874 2465 3.
932 2430 985 2463 n.
1023 2412 1075 2463 2.
1149 2410 1209 2464 Si
1255 2413 1382 2465 hanc
1431 2411 1884 2464 subordinationem

76 2497 172 2568 ipsi
217 2497 448 2568 Apostoli
490 2498 732 2550 debebant
783 2495 983 2568 primati
1018 2513 1108 2548 suo
1144 2493 1214 2564 Δ8.
1253 2495 1439 2562 Petr03
1488 2497 1728 2565 quomodo
1776 2515 1886 2550 suc-

78 2582 358 2636 cessoribus
405 2580 461 2634 S.
498 2581 644 2635 Petri
690 2581 868 2652 negari
910 2581 1094 2652 poterit
1135 2581 1298 2637 debita
1343 2583 1405 2633 ab
1451 2580 1710 2653 Episcopis
1746 2581 1886 2652 Apo-

79 2669 316 2720 stolorum
352 2667 749 2732 successor-ibuS,
796 2685 905 2720 cum
940 2666 992 2718 in
1027 2666 1150 2737 ipsis
1185 2666 1475 2737 praecipue,
1512 2666 1596 2736 qui
1631 2684 1732 2717 non
1770 2675 1887 2718 sunt

79 2754 250 2806 eodem
294 2752 650 2822 Apostolorum
693 2751 884 2822 Spiritu
931 2751 1112 2815 afflati,
1159 2751 1219 2803 ad
1263 2752 1504 2804 unitatem
1542 2751 1886 2804 continendam

81 2837 148 2890 sit
180 2836 398 2888 maxime
432 2836 757 2890 neeessaria.‘

224 2922 275 2972 5.
351 2917 587 2986 Quamvis
620 2919 928 2990 Episcopalis
964 2920 1234 2973 auctoritas
1270 2921 1336 2973 sit
1370 2921 1423 2973 in
1459 2921 1654 2991 origine
1690 2920 1887 2975 institu-

81 3005 232 3058 tionis
280 3005 502 3070 divinae,
553 3023 612 3057 ac
657 3004 836 3058 idcirco
883 3022 1039 3074 aeque
1073 3002 1388 3058 immutabilis
1436 3023 1494 3058 ac
1531 3007 1614 3076 jus
1653 3006 1886 3070 divinum,

209 3215 352 3269 ¹)'Qui
383 3232 538 3259 omnem
569 3211 948 3258 subordinationem
974 3229 1076 3268 erga
1105 3219 1150 3270 S.
1173 3219 1337 3259 Petrum
1369 3225 1541 3270 negaret
1571 3219 1796 3269 Apostolus,
1829 3219 1888 3258 ita

85 3282 130 3317 ut
160 3279 352 3328 aequales
381 3279 541 3318 omnino
572 3278 724 3316 fuerint
754 3289 841 3316 cum
873 3279 1082 3328 potestate
1112 3278 1250 3328 Petri,
1283 3278 1496 3328 primatum
1527 3278 1625 3317 meri
1657 3278 1813 3317 ordinis
1845 3281 1888 3317 et

86 3336 252 3375 honoris
284 3347 407 3386 supra
435 3337 653 3390 Apostolos
694 3337 736 3374 in
764 3337 891 3375 Petro
938 3335 1106 3374 deberet
1142 3347 1390 3388 agnoscere,
1415 3336 1541 3387 .quod
1566 3337 1782 3375 communi
1821 3348 1888 3375 ca-

87 3394 262 3433 tholicae
294 3393 502 3433 doctrinae
531 3395 651 3446 plane
681 3397 896 3445 repugnat.
955 3393 1017 3432 De
1048 3393 1125 3433 bac
1160 3394 1496 3435 subordinatione
1526 3395 1618 3445 lege
1651 3398 1737 3435 not.
1768 3395 1812 3434 5.
1846 3399 1887 3434 et

87 3452 131 3490 9.
161 3452 204 3491 ἱιι
234 3465 270 3494 c.
304 3453 341 3491 l.
375 3453 659 3503 praecedentis
687 3453 825 3505 operis
860 3452 917 3491 De
946 3455 1097 3503 potest.
1131 3452 1288 3495 Eccles.
1705 3449 1707 3454 '
