2326 3854
954 1122 1518 1200 'WNDKAEME

298 1248 1247 1403 AUCTORITATIS
1338 1311 2155 1447 ΡοΝΤΙΕΙοιΑΕ

600 1514 911 1571 CONTRA
946 1514 1136 1573 opus
1174 1516 1456 1574 JUSTINI
1488 1478 1858 1585 ΡΕΒΕΟΝΠ.

994 1713 1452 1720 ——--——-——-—,—-—,

957 1856 1498 1933 CAPUTI.

304 2018 569 2073 Quantum
606 2016 887 2064 Febronius
920 2017 1166 2064 detrahat
1196 2018 1458 2079 leyz’timae
1479 2023 1735 2081 potestati
1763 2018 2074 2078 Pontificiae
2105 2021 2158 2064 tn

811 2078 1107 2124 decidendis
1137 2083 1493 2127 controversiis
1521 2078 1656 2138 fidei.

449 2227 499 2279 l.
580 2194 746 2284 Cum
783 2227 835 2279 in
872 2228 1057 2280 bonum
1093 2224 1356 2282 Ecclesiae
1406 2229 1470 2283 ad
1504 2228 1818 2301 impedienda
1865 2226 2159 2295 schismata,

301 2324 353 2368 et
390 2314 451 2366 ad
472 2313 863 2368 vcustodiendam
901 2314 953 2366 in
1004 2333 1066 2368 ea
1111 2315 1356 2371 unitatem
1394 2315 1508 2370 fidei
1559 2326 1611 2371 et
1659 2313 2025 2385 communionis
2051 2313 2163 2386 ,ipsi

301 2400 587 2462 Ecclesiae,
613 2402 837 2454 maxime
886 2402 1258 2469 necessariam,
1296 2400 1547 2466 ⁴Christus
1592 2401 1842 2456 Dominus
1889 2419 2044 2454 unum
2070 2418 2162 2454 ex

302 2489 583 2562 Apostolis,
623 2489 671 2541 id
699 2499 778 2543 est
804 2486 861 2542 S.
895 2488 1141 2555 Petrum‚'
1161 2489 1461 2562 praetulerit
1497 2490 1681 2547 ceteris
1708 2508 1809 2542 non
1846 2508 1987 2542 mera
2015 2497 2182 2560 prae-'

303 2577 537 2648 rogativa
576 2577 784 2629 honoris
832 2587 883 2629 et
933 2575 1124 2630 ordinis
1138 2562 1157 2641 ‚⁵
1200 2575 1288 2630 sed
1345 2565 1455 2649 cum
1500 2577 1744 2648 peculiari
1785 2575 2159 2647 jurisdictione,

302 2674 358 2716 ut
395 2664 450 2716 in
487 2682 547 2717 eo
583 2664 824 2733 tanquam
861 2662 914 2715 in
947 2662 1162 2715 'unitatis
1197 2672 1374 2716 centro
1411 2663 1580 2716 unitas
1617 2662 1957 2716 custodiretur
1981 2660 2161 2716 Eccle-

305 2745 445 2819 siae3
472 2760 922 2822 ‘quantumcunque
960 2748 1118 2804 ceteri
1142 2750 1382 2823 Apostoli
1418 2750 1471 2803 in
1497 2749 1608 2803 aliis
1634 2750 1969 2823 Apostolatus
2006 2749 2162 2811 facul·

305 2838 492 2893 tatibus
540 2857 689 2911 pares
748 2848 923 2890 essent
970 2836 1159 2905 Petr03
1210 2838 1263 2890 in
1310 2837 1662 2910 jurisdictione
1711 2847 1913 2904 tamen,
1971 2856 2062 2892 seu
2110 2836 2162 2892 vi

308 2927 538 2982 coactiva
576 2925 629 2978 in
669 2943 844 2978 omnes
882 2925 942 2978 ad
993 2926 1391 2981 conservandam
1432 2945 1600 2981 secum
1646 2935 1911 2995 utramque
1961 2924 2074 2978 fidei
2112 2934 2162 2977 et

308 3012 673 3067 communionis
709 3012 958 3066 unitatem
1005 3014 1250 3067 suberant
1287 3012 1478 3081 Petro,
1530 3014 1606 3067 ita
1642 3022 1699 3066 ut
1746 3013 1800 3065 in
1839 3012 2013 3066 eadem
2051 3029 2161 3064 cum

308 3102 417 3175 ipso
455 3102 550 3155 fide
598 3118 774 3154 omnes
820 3100 1061 3153 deberent
1110 3101 1412 3166 convenire,
1461 3119 1555 3154 nec
1598 3118 1629 3152 a
1667 3099 2014 3152 communione
2048 3088 2161 3171 ejus

308 3207 529 3262 unquam
566 3188 806 3242 recedere
845 3187 953 3242 sive
991 3187 1275 3242 desciscere
1314 3186 1424 3260 (De
1461 3187 1514 3242 vi
1552 3195 1603 3239 et
1641 3193 1740 3238 rat.
1768 3185 1967 3256 primat.
1997 3204 2041 3238 c.
2073 3186 2159 3238 ll.

309 3296 360 3329 n.
401 3276 490 3330 53.
531 3285 583 3329 et
633 3273 800 3346 alibi).
878 3273 1019 3327 Nihil
1065 3275 1260 3345 quidem
1312 3274 1569 3328 scissurae
1605 3273 1687 3328 vel
1741 3272 1794 3325 in
1843 3272 1957 3326 fidei
1993 3273 2073 3328 vel
2109 3272 2160 3325 in

309 3360 676 3415 communionis
712 3361 909 3415 unitate
947 3381 1057 3416 cum
1095 3361 1256 3415 Petro
1304 3362 1576 3415 timendum
1632 3370 1742 3413 erat
1780 3360 1840 3412 ab
1880 3359 2161 3432 Apostolis‚

311 3447 396 3518 qui
432 3446 626 3520 Spiritu
663 3459 860 3513 sancto,
898 3449 1130 3504 veritatis
1168 3460 1219 3503 et
1257 3447 1483 3503 caritatis
1509 3445 1703 3518 Spiritu
1742 3446 1899 3500 afflati
1939 3447 2160 3517 ageban-
