2326 3854
1030 105 1650 161 ——52—

415 272 553 325 intra
598 271 800 324 eosdem
849 272 1075 324 rariores
1123 279 1269 323 e'asus
1318 277 1557 322 coercere
1606 287 1705 322 non
1753 269 1896 335 lieet3
1948 281 1999 323 et
2044 288 2264 324 canones

414 359 703 432 disciplinae
742 359 803 412 ab
852 358 950 411 illis
995 355 1118 411 editi
1161 356 1323 427 ligare
1361 355 1601 408 deberent
1647 355 1808 427 ipsum
1845 354 2172 423 Pontifieem,
2221 357 2263 410 si

412 465 502 519 per
540 465 597 499 se
642 446 818 499 iisdem
868 453 1004 498 esset
1060 442 1296 507 inferior,
1346 442 1477 496 sieut
1527 441 1652 496 alios
1704 441 1953 512 quoslibet
1995 442 2265 498 inferiores

410 532 690 606 Episcopos
745 532 922 602 ligant.
1017 528 1212 595 Rectus
1269 530 1391 582 ordo
1430 548 1489 583 ae
1534 529 1807 602 primarum
1865 530 2055 583 sedium
2103 518 2264 584 bonor

412 641 442 675 a
478 620 708 675 Nicaena
747 617 1010 670 institutus
1048 635 1138 670 seu
1177 618 1530 685 confirmatuS,
1572 635 1683 671 eum
1721 636 1815 671 nee
1851 617 2008 672 divini
2045 635 2138 671 nec
2175 636 2266 672 na-

410 707 589 761 turalis
644 705 712 758 sit
761 703 914 775 juriS,
962 703 1173 757 mutatis
1220 722 1391 757 rerum
1440 702 1860 770 circumstantiiS,
1913 724 1944 758 a
1992 705 2266 776 posteriori

410 792 637 863 aequalis
676 789 996 844 auctoritatis
1034 792 1355 844 oecumenico
1384 789 1591 843 coneilio
1629 793 1915 863 potuissent
1951 792 2139 845 mutari
2162 810 2266 845 non

410 878 723 934 assentiente
773 876 1011 931 Romano
1062 876 1338 942 Pontifiee,
1401 875 1446 929 si
1492 877 1554 929 ad
1609 877 1712 932 vim
1760 880 2016 949 generalis
2069 879 2266 935 concilii

410 968 552 1039 hujus
592 964 889 1038 approbatio
929 973 1018 1018 aut
1054 982 1298 1018 assensus
1337 982 1436 1017 non
1478 963 1842 1035 requireretur.
1921 962 2105 1037 Canon
2143 984 2264 1028 eon-

407 1066 671 1121 troversus
710 1052 892 1124 legatis
931 1051 1225 1105 absentibus
1265 1050 1492 1104 conditus
1530 1050 1731 1105 actione
1769 1050 1897 1108 XV.
1939 1070 2049 1106 eum
2075 1049 2264 1105 Patres

406 1141 530 1195 nihil
584 1139 645 1194 de
686 1138 1102 1212 ‘contradictione
1158 1138 1460 1209 cogitarent.
1559 1135 1689 1206 Cum
1746 1158 1869 1194 vero
1924 1139 1979 1192 in
2034 1139 2265 1210 sequenti

406 1228 605 1283 actione
660 1224 814 1279 XVI.
884 1225 1067 1297 legatis
1124 1225 1407 1298 petentibus
1474 1225 1721 1295 relectuS,
1789 1226 2005 1281 istorum
2062 1235 2263 1280 eontra-

405 1315 673 1370 dictionem
710 1311 955 1380 incurrit3
988 1330 1114 1365 num
1140 1310 1329 1366 Patres
1356 1309 1571 1366 Concilii
1596 1314 1981 1383 contenderunt,
2021 1303 2264 1368 canonem

405 1402 624 1456 omnium
674 1417 925 1454 consensu
975 1408 1220 1452 statutum
1268 1400 1330 1453 ob
1388 1399 1671 1453 dissensum
1719 1401 1982 1473 ejusmodi
2009 1401 2264 1473 generalis

405 1489 602 1543 concilii
637 1487 740 1543 vim
781 1505 882 1540 non
922 1486 1171 1549 amittere,
1209 1504 1302 1541 nec
1339 1505 1489 1559 posse
1529 1488 1590 1540 ab
1626 1487 1736 1559 ipso
1776 1506 1969 1542 summo
1994 1487 2263 1566 Pontifiee,

403 1560 580 1649 utpote
616 1574 874 1629 inferioris
901 1574 1236 1640 auetoritatiS,
1274 1574 1473 1627 initum
1500 1574 1647 1628 fieri?
1685 1574 1838 1627 immo
1876 1584 1983 1628 tota
2020 1562 2264 1674 synodus,

403 1664 512 1736 ipse
549 1665 831 1736 Imperator
876 1670 928 1714 et
966 1659 1241 1714 Anatolius
1288 1658 1399 1714 CP.
1439 1659 1722 1733 Episcopus
1771 1662 1832 1715 ad
1869 1659 2100 1717 Leonem
2128 1663 2264 1733 seri-

404 1756 554 1822 psere
609 1741 871 1822 petentes,
939 1758 997 1800 ut
1060 1767 1170 1802 eum
1241 1767 1487 1802 canonem
1553 1750 1771 1821 probare
1827 1749 2159 1821 dignaretur,
2213 1760 2264 1803 et

404 1837 585 1910 synodi
607 1835 796 1891 Patres
831 1835 895 1888 iis
934 1836 1105 1891 verbis
1144 1845 1264 1890 sunt
1299 1836 1398 1903 usi,
1437 1835 1615 1907 quibus
1653 1836 2032 1904 seinferiores,
2069 1837 2263 1910 Papam

401 1942 526 1980 vero
583 1924 896 1996 superiorem
951 1918 1317 1995 praetulerunt.
1429 1924 1706 1993 Royamus
1773 1913 1965 1994 iyz'tur,
1995 1971 1997 1973 .
2030 1925 2265 1996 inquiunt

403 2010 531 2083 (Ep.
558 2011 648 2065 98.
687 2012 752 2063 al.
783 2011 869 2067 77.
909 1998 1045 2065 inter
1070 2009 1236 2065 Leon.
1278 2029 1322 2064 e.
1350 2009 1456 2080 4.),
1495 2018 1546 2063 et
1582 2014 1687 2064 tuis
1723 2016 1996 2065 sententiis
2022 2021 2264 2081 nostrum

403 2101 618 2152 houm-a
637 2101 938 2171 judicium,·
978 2108 1031 2152 et
1067 2101 1515 2170 quemadmodum
1539 2118 1638 2151 nos
1663 2091 1980 2154 eonsensum
2015 2104 2072 2153 in
2110 2102 2262 2154 bonis

412 2185 682 2240 CAPIT!
711 2189 1059 2248 contulimus,
1095 2190 1175 2239 sic
1214 2194 1266 2239 et
1311 2185 1580 2239 CAPUT
1610 2186 1871 2248 FILIIS,
1908 2190 2058 2258 quod
2093 2191 2262 2250 decet,

405 2276 719 2344 adimpleat.
795 2273 985 2327 Nonne
1023 2267 1464 2344 caput'membris
1503 2258 1732 2346 superius
1772 2283 1877 2340 est,
1916 2284 2060 2347 patre
2095 2285 2261 2332 autem

401 2364 508 2432 filii
544 2371 663 2415 sunt
700 2361 1005 2416 inferiores?
1069 2358 1198 2429 Quis
1237 2380 1361 2434 ergo
1401 2371 1556 2434 neget
1580 2360 1914 2435 Pontificium
1961 2381 2260 2417 eonsensum

403 2449 624 2519 requiri,
685 2468 831 2520 quem
871 2459 986 2502 «tam
1038 2467 1286 2521 expresse
1333 2458 1384 2503 et
1432 2450 1555 2503 adeo
1613 2450 1954 2504 necessarium
2003 2469 2261 2521 agnovere

401 2534 499 2606 ipsi
536 2536 795 2606 generalis
834 2534 1052 2590 Concilii
1087 2535 1292 2607 Patres,
1331 2545 1388 2587 ut
1423 2535 1697 2589 Anatolius
1733 2547 1951 2590 testatus
1988 2537 2055 2591 sit
2094 2540 2261 2609 (Inter

402 2619 600 2676 Leonis
638 2623 783 2694 epist.
829 2621 950 2675 132.
992 2623 1055 2675 al.
1099 2621 1222 2674 105.
1264 2640 1307 2680 c.
1348 2621 1460 2694 4.),
1509 2627 1609 2675 vim
1650 2643 1856 2677 omnem
1893 2632 1947 2677 et
1978 2610 2259 2696 confirma-

404 2712 604 2762 tionem
654 2712 970 2762 auctoritati
1013 2717 1223 2763 vestrae
1262 2709 1635 2765 Beatitudinis
1677 2715 1850 2780 fuisse
1898 2719 2264 2766 reservatam?

406 2792 587 2865 Neque
641 2793 772 2848 enim
832 2796 931 2848 alia
987 2796 1047 2850 de
1098 2814 1252 2871 eausa
1305 2796 1398 2849 fuit
1455 2808 1719 2865 reservata
1774 2808 1897 2871 post*
1937 2800 2191 2858 decretum
2230 2821 2259 2853 a

404 2880 646 2935 Patribus
685 2882 912 2935 absolute
958 2883 1171 2953 editum,
1215 2883 1314 2935 nisi
1362 2885 1478 2954 quia
1510 2866 1697 2938 „audita
1736 2886 2016 2958 legatorum
2055 2898 2258 2941 eontra-

405 2968 621 3022 dietione
660 2969 721 3021 ad
758 2969 858 3023 vim
898 2970 1154 3039 generalis
1193 2969 1407 3026 Concilii
1447 2971 1712 3027 Pontificis
1750 2973 2043 3045 approbatio
2080 2993 2258 3028 neees-

406 3055 544 3108 saria
583 3056 880 3109 habebatur.

552 3143 604 3197 3.
681 3141 912 3196 Alterum
952 3162 1135 3215 pono,
1175 3147 1303 3215 quod
1343 3145 1628 3201 Bossuetus
1663 3146 1845 3210 subdit,
1885 3147 2071 3216 thesin,
2110 3168 2257 3219 quam

406 3231 618 3284 debebat
662 3240 914 3299 statuere,
971 3233 1330 3302 quodammodo
1380 3235 1611 3288 destruit.
1699 3235 1762 3286 In
1811 3253 1873 3286 eo
1911 3253 2116 3289 canone
2155 3245 2256 3290 sta

405 3321 623 3384 tuendO,
661 3317 824 3387 inquit
848 3316 1081 3388 (Patres
1107 3316 1340 3386 Concilii,
1379 3321 1463 3392 qui
1501 3331 1646 3374 elant
1684 3319 2023 3394 O-rientales),
2059 3322 2254 3393 nequa-

408 3422 566 3472 quam
613 3406 845 3458 Cone-ilii
875 3394 1150 3474 yeneralis
1189 3411 1510 3461 auctoritate
1558 3408 1892 3478 gaudebant,
1944 3432 1976 3463 a
2027 3430 2255 3480 quorum
