2326 3854
956 220 1090 255 XLIX

122 381 177 434 et
220 378 521 432 simultates
567 377 619 430 in
664 377 905 429 sanctam
944 371 1095 427 Petri
1127 366 1494 444 Cathedram,
1542 386 1613 424 ex
1661 369 1928 425 domesti-

35 448 41 451 ’
123 467 200 520 cis
248 464 377 518 facti
423 462 756 534 adversarii,
803 457 1357 532 comprehenderunt,
1405 473 1509 528 quo
1555 459 1734 510 tamen
1781 459 1927 509 tem-

121 567 276 624 pore,
325 548 508 603 divina
551 549 629 601 sic
675 545 993 617 disponente
1024 543 1396 617 Providentia,
1442 546 1555 596 tum
1588 540 1815 596 Elector
1861 541 1929 595 de

121 637 406 691 stemmate
462 633 652 686 domus
710 628 1016 684 Bavaricae
1084 646 1308 699 suorum
1352 634 1680 703 proavorum
1725 629 1929 701 pietate

121 722 407 792 animatus,
455 715 567 771 tu'm
590 713 992 771 serenissimus
1016 713 1382 769 Borussorum
1406 713 1560 782 Rex,
1606 715 1692 769 cui
1716 713 1928 768 Archi-

35 868 40 877 x
121 807 496 879 episcoporum
542 803 854 856 invasiones
900 803 954 854 in
999 802 1181 855 aliena
1215 805 1346 870 jura
1380 806 1706 874 perspectae
1752 806 1928 875 erant,

119 891 354 946 maxime
370 890 573 943 amicos
586 886 838 943 Romano
855 885 1101 941 Pontifici
1117 902 1242 940 sese
1261 886 1638 942 exhibuerunt.
1684 885 1818 940 Pius
1831 885 1926 940 VI.

117 978 170 1031 in
203 975 461 1030 articulos
492 974 616 1029 illos
650 974 897 1047 graviter
927 971 1328 1046 animadvertit,
1377 989 1581 1044 eosque
1614 990 1721 1028 non
1753 973 1930 1028 solum

117 1063 449 1135 reprobavit,
481 1060 578 1114 sed
602 1060 914 1132 plenissime
939 1074 1165 1131 quoque
1172 1057 1452 1132 refutavit,
1480 1057 1625 1112 edita
1658 1059 1726 1112 ad
1754 1076 1927 1131 prae-

120 1147 291 1203 dictos
338 1151 565 1220 quatuor
596 1145 1050 1218 Metropolitanos
1095 1143 1484 1260 Responsione
1530 1146 1679 1217 typis
1710 1143 1927 1199 Romae

119 1233 404 1288 mandata
426 1231 606 1303 1789.

243 1318 517 1374 Innumeri
560 1319 774 1391 quidem
803 1319 1096 1391 supersunt
1130 1318 1287 1371 istius
1317 1318 1576 1390 temporis
1610 1317 1926 1391 scriptoreS,

114 1405 429 1460 retexendis
461 1406 738 1460 veteribus
772 1406 1044 1459 erroribus
1076 1403 1294 1478 famosi,
1342 1408 1475 1476 quos
1507 1405 1787 1458 nominare
1820 1421 1926 1458 non

114 1509 402 1567 vacamuS‚
460 1494 546 1545 ast
589 1489 813 1544 Petrum
857 1492 1010 1545 illum
1054 1489 1476 1565 'Pamburinum7
1523 1489 1926 1544 haereticorum

115 1582 541 1650 novatorumque
617 1578 867 1651 vestigiis
932 1576 1357 1631 addictissimum
1421 1577 1633 1631 silentio
1701 1593 1926 1649 prorsus

115 1664 415 1736 praeterire
460 1679 566 1717 non
596 1678 904 1735 possumuS.
969 1662 1075 1717 Hic
1105 1663 1238 1716 nihil
1284 1668 1391 1716 non
1437 1664 1575 1737 egit,
1622 1666 1681 1716 ut
1712 1679 1925 1716 omnem

116 1749 377 1822 primatus
407 1752 739 1822 potestatem
759 1747 1134 1803 Romanorum
1159 1745 1520 1823 Pontificum,
1567 1749 1613 1802 si
1645 1746 1761 1802 fieri
1787 1765 1926 1822 pos—

119 1839 238 1906 set,
287 1834 523 1890 funditus
570 1836 934 1908 exstirparet,
981 1838 1040 1889 ut
1083 1836 1135 1888 in
1184 1833 1547 1889 eruditissimo
1594 1852 1793 1907 opere,
1841 1837 1928 1889 cui

115 1918 340 1976 titulus:
396 1921 736 1991 „Sanctae
786 1920 964 1975 Sedis
1009 1926 1069 1974 et
1113 1919 1431 1974 Ecclesiae
1485 1918 1930 1993 Triumpltus,“

118 2006 186 2061 ad
231 2006 575 2061 refutandum
606 2008 914 2080 cumprimis
950 2007 1092 2062 hunc
1115 2005 1341 2062 Petrum
1365 2006 1755 2062 'Pamburinum
1787 2025 1926 2062 con-

118 2094 338 2167 scripto,
385 2092 478 2149 fel.
524 2110 637 2147 rec.
671 2091 979 2167 Gregorius
1010 2092 1166 2166 Papa
1188 2092 1348 2148 XVI.
1393 2098 1534 2167 part.
1557 2093 1630 2148 II.
1677 2111 1796 2166 cap.
1821 2093 1926 2148 IX.

117 2197 249 2253 pag.
286 2179 429 2235 263.
478 2179 604 2234 edit.
650 2177 938 2235 Ratisbon.
988 2180 1170 2236 1833.
1207 2179 1571 2255 jampridem,
1640 2185 1927 2252 antequam

119 2263 376 2320 Summus
406 2264 664 2320 Pontifex
710 2267 917 2320 electus
965 2271 1069 2341 est,
1117 2283 1385 2339 expresse
1416 2269 1690 2322 observat.
1765 2267 1926 2321 Hunc

116 2351 170 2404 in
227 2349 388 2404 finem
432 2350 794 2406 'Pamburinus
854 2355 1081 2425 ejusque
1139 2354 1387 2407 asseclae
1443 2351 1679 2407 Romani
1725 2351 1925 2408 Ponti—

116 2435 230 2490 ficis
253 2438 540 2509 primatum
572 2454 677 2491 non
710 2453 835 2491 esse
865 2442 1190 2510 potestatem
1217 2439 1606 2513 episcopalem,
1639 2439 1739 2494 sed
1766 2444 1925 2510 ejus-

119 2522 241 2576 dem
287 2521 558 2578 affirmant
603 2539 738 2577 esse⁴
774 2525 978 2596 speciei
1023 2542 1087 2580 ac
1123 2529 1254 2595 jura
1285 2526 1681 2598 metropolitica
1718 2529 1773 2579 et
1817 2544 1924 2598 pa-

114 2608 422 2684 triarchica,
471 2608 654 2664 addito
685 2613 902 2683 tantum
912 2615 1041 2681 Jure
1079 2612 1526 2684 repraesentandi
1558 2613 1928 2666 universalem

114 2692 445 2769 Ecclesiam,
494 2699 654 2767 atque
700 2697 754 2749 in
785 2700 896 2751 toto
930 2699 1058 2752 orbe
1088 2697 1413 2773 procurandi
1458 2700 1744 2771 puritatem
1779 2697 1925 2773 fidei,

115 2795 344 2833 morum
369 2798 434 2834 ac
478 2780 795 2853 disciplinae
840 2784 1093 2857 vigorem
1137 2801 1235 2857 per
1260 2779 1647 2858 Conciliorum
1660 2802 1924 2857 praeser-

118 2865 211 2918 tim
257 2868 720 2942 convocationem,
767 2870 826 2922 ut
868 2869 908 2923 1.
933 2887 981 2928 6.
1029 2888 1148 2943 cap.
1170 2869 1291 2925 Vl.
1301 2889 1434 2945 pag.
1459 2870 1605 2926 215.
1652 2873 1923 2926 observa-

116 2953 219 3006 tur.
307 2946 427 3005 Ct'r.
475 2954 642 3007 etiam
675 2953 762 3006 61.
783 2952 864 3007 ,1.
909 2953 1154 3011 Perrone
1199 2955 1261 3012 S.
1306 2956 1363 3011 J.
1404 2956 1676 3012 Praelect.
1724 2956 1924 3012 Tlleol.

119 3040 248 3091 tom.
273 3035 424 3090 VIII.
457 3054 577 3110 cap.
602 3035 702 3092 ΙΙΙ.
737 3036 786 3112 §.
808 3039 986 3113 6023
1031 3043 1128 3096 et
1114 3061 1168 3096 ιιι
1197 3043 1302 3097 hoc
1334 3042 1722 3098 'Pamburinum
1752 3060 1924 3115 prae-—

119 3124 285 3177 currit
314 3121 639 3197 Febronius,
686 3125 774 3195 qui
819 3127 1000 3181 tamen
1029 3127 1282 3183 Romano
1313 3127 1560 3183 Pontifici
1595 3134 1692 3199 jus
1725 3128 1927 3183 ademit

118 3210 570 3281 repraesentandi
616 3211 989 3266 universalem
1033 3211 1561 3288 Ecclesiam7‘cum
1605 3214 1708 3268 hoc
1755 3215 1926 3269 solius

117 3291 694 3350 oecumeniciOoncilii
718 3301 885 3352 esset.
918 3298 1232 3354 'Pamburini
1259 3316 1427 3372 opera
1446 3301 1602 3354 varia
1624 3301 1927 3374 proscripta

119 3384 174 3434 et
215 3381 268 3434 in
313 3381 699 3454 prohibitorum
743 3384 974 3439 indicem
1003 3387 1180 3440 relata
1221 3390 1345 3440 sunt
1373 3384 1625 3441 Decretis
1674 3386 1732 3443 5.
1757 3386 1922 3442 Febr.

118 3469 177 3520 et
223 3467 282 3522 2.
306 3467 797 3544 August.21790.‚
850 3471 944 3527 11.
969 3471 1099 3527 Jan.
1129 3472 1314 3537 1796.
1362 3478 1416 3528 et
1461 3474 1520 3528 6.
1549 3470 1708 3547 sept.
1739 3473 1922 3530 1819.

176 3568 221 3602 P.
253 3567 400 3602 Baller.
433 3567 480 3601 de
513 3569 714 3604 Potestate
746 3572 819 3608 etc.
1546 3559 1578 3613 d
