2326 3854
676 204 1317 260 —115—

93 371 173 426 vel
206 370 396 422 incerto
450 369 544 420 frui
591 369 877 432 credantur3
926 384 1089 418 nonne
1127 366 1298 418 cedere
1334 359 1656 414 Pontificatui
1685 361 1894 425 ,debebit

95 473 154 508 ea
189 454 402 507 naturali
451 451 673 506 caritatis
722 453 831 522 lege
869 451 1159 517 adstrictus,
1214 465 1337 517 quae
1383 444 1622 516 publicum
1643 446 1894 497 necessa-

94 539 219 591 rium
254 539 432 591 bonum
468 537 659 608 privato
695 537 1065 607 praeferendum
1090 535 1265 587 docet?
1302 532 1451 583 Immo
1477 528 1623 582 etiam
1648 529 1893 598 obligatur

93 624 327 694 peculiari
368 623 476 692 lege
525 621 689 676 divina
739 639 797 673 ac
845 620 1088 687 naturali,
1137 619 1180 671 si
1218 618 1278 670 ad
1315 615 1585 669 cessionem
1631 619 1743 666 sese
1779 632 1894 684 pro-

93 709 324 762 missione
360 725 417 760 ac
440 705 767 776 jurejurando
804 703 1177 755 obstrinxisset.
1253 701 1390 755 Haec
1427 709 1620 763 autem,
1667 717 1794 767 quae
1832 700 1890 752 ab

93 793 199 863 ipso
235 791 532 863 praestanda
577 798 748 842 essent
774 790 887 858 jure
924 787 1141 840 naturali
1185 805 1244 840 ac
1279 785 1443 840 divino
1460 824 1474 848 ‚
1523 784 1568 836 si
1605 784 1893 854 exigantur,

94 895 184 930 seu
225 884 561 947 proponantur
606 873 903 945 praestanda
957 872 1155 925 decreto
1205 870 1398 924 concilii
1445 868 1726 939 generalis,
1785 868 1897 936 quis.

94 979 194 1014 non
230 959 574 1028 aequissimum
611 958 822 1021 diceret,
871 965 956 1008 aut
992 965 1211 1026 negaret
1246 960 1404 1026 ipsum
1443 954 1502 1006 ad
1541 954 1662 1006 haec
1685 953 1893 1023 obligari

94 1063 152 1098 eo
189 1045 404 1109 nomine,
442 1044 569 1112 quod
605 1059 889 1112 quacunque
925 1041 1116 1110 synodo
1154 1040 1377 1111 superior
1415 1039 1526 1091 est?
1574 1036 1897 1113 obligaretur

93 1129 319 1181 nimirum
357 1146 458 1180 non
485 1130 602 1198 jure
638 1126 842 1197 synodi,
890 1143 1015 1193 quae
1050 1143 1141 1194 per
1186 1142 1241 1176 se
1278 1123 1580 1194 superiorem
1618 1139 1718 1172 non
1755 1121 1895 1191 ligat,

96 1214 181 1266 sed
209 1215 323 1283 jure
369 1212 451 1264 illo
499 1211 714 1265 naturali
740 1227 817 1262 »ac
854 1208 1046 1272 divino,
1097 1208 1175 1262 cui
1218 1209 1366 1261 eti‘am
1390 1203 1895 1259 summi-Pontifices

95 1298 433 1368 subjiciuntur.
1358 1354 1362 1356 s

237 1381 316 1432 ll.
387 1377 575 1431 Eadem
612 1378 678 1431 der
708 1396 859 1431 causa
893 1377 1196 1448 obligaretur
1233 1376 1379 1429 etiam
1415 1375 1465 1428 in
1482 1442 1485 1443 ⁷
1503 1392 1622 1428 casu
1658 1377 1901 1428 reforma-

93 1465 242 1518 tionis
278 1463 526 1535 generalis
561 1481 750 1515 morum
799 1464 851 1515 in
889 1463 1050 1534 capite
1095 1471 1147 1516 et
1190 1462 1243 1514 in
1281 1460 1528 1514 membriS.
1603 1457 1730 1526 Quis
1767 1460 1907 1512 enim-

101 1549 349 1619 ambigere
384 1557 575 1619 potest,
623 1547 738 1616 quin
775 1546 962 1600 Summi
998 1565 1192 1617 quoque
1231 1543 1505 1607 Pontifices
1530 1548 1659 1615 jure
1682 1545 1899 1596 naturali

98 1653 156 1687 ac
210 1634 374 1687 divino
417 1641 680 1686 teneantur
729 1634 1000 1686 reformare
1050 1649 1242 1697 moreS‚
1291 1630 1374 1699 qui
1415 1630 1496 1684 vel
1541 1629 1594 1682 in
1640 1648 1696 1690 se
1731 1630 1811 1683 vel
1845 1630 1897 1681 in

98 1719 208 1772 aliis
245 1716 502 1771 Ecclesiae
536 1716 766 1769 membris
803 1717 1155 1770 reformatione
1179 1716 1467 1786 indigeant?
1504 1713 1559 1766 Id
1584 1713 1626 1766 si
1650 1724 1897 1785 proponat

97 1803 366 1873 exigatque
421 1799 691 1855 Concilium
746 1804 1006 1871 generale,
1074 1810 1250 1874 parere
1295 1801 1566 1864 debebunt,
1630 1818 1733 1852 non
1782 1801 1897 1870 jure

93 1888 250 1959 ipsius
298 1886 515 1953 concilii,
571 1887 659 1939 sed
696 1885 860 1940 divino
899 1906 957 1940 ac
993 1886 1235 1951 naturali,
1285 1886 1412 1956 quod
1457 1886 1654 1938 decreto
1703 1884 1897 1937 concilii

94 1972 380 2043 proponitur
427 1979 478 2024 et
522 1980 743 2040 urgetur.
817 1971 927 2026 Hoc
963 1990 1114 2024 sensu
1149 1972 1226 2024 vis
1280 1971 1503 2027 coactiva
1545 1987 1646 2022 non
1689 1969 1740 2022 in
1779 1987 1897 2023 con-

95 2057 234 2120 cilio,
281 2057 367 2109 sed
401 2055 455 2108 in
489 2056 720 2109 naturali.
743 2074 801 2110 ac
838 2057 1004 2120 divina
1051 2058 1162 2126 lege
1210 2057 1309 2108 sita
1353 2066 1447 2108 est.
1534 2051 1676 2120 Quod
1723 2056 1767 2107 si
1813 2056 1898 2109 de-

95 2151 282 2194 cretum
320 2141 474 2192 latum
510 2140 575 2192 sit
611 2160 642 2193 a
678 2141 882 2195 concilio
919 2159 1046 2198 vere,
1073 2140 1315 2212 generali,
1352 2159 1462 2199 cum
1498 2138 1688 2193 Summi
1720 2138 1899 2192 Ponti-

95 2224 201 2277 ficis
237 2243 337 2277 non
374 2224 532 2277 deerit
567 2243 830 2290 assensuS‚
885 2244 976 2279 seu
1011 2226 1341 2290 confirmatio;
1389 2235 1492 2277 tum
1530 2232 1651 2279 vero
1689 2224 1780 2277 hoc
1818 2243 1899 2276 as-

98 2326 247 2361 sensu
308 2326 364 2360 se
408 2308 579 2379 ipsum·
612 2311 968 2378 >quodammodo
1024 2310 1190 2363 >eidem
1253 2310 1458 2362 decreto,
1491 2310 1632 2362 vliber
1683 2310 1896 2379 subjicit,

99 2393 365 2461 eodemque
402 2393 599 2455 decreto
637 2394 913 2448 voluntarie
949 2395 1158 2465 ligatur,
1196 2393 1322 2462 quod
1359 2393 1458 2446 vim
1497 2394 1768 2448 coactivam
1806 2412 1900 2446 ex-

97 2476 259 2530 cludit.
1387 2541 1390 2543 q

241 2563 323 2613 12.
397 2561 580 2615 Restat
615 2564 824 2616 alterum
861 2565 1126 2627 decretum,
1163 2582 1259 2632 quo
1297 2562 1522 2634 sessione
1547 2583 1596 2617 v.
1635 2564 1803 2634 agitur
1840 2565 1899 2616 de

94 2644 264 2715 poenis
312 2646 362 2698 in
399 2665 508 2699 eum
545 2649 838 2711 inferendis,
885 2649 967 2718 qui
1015 2651 1345 2719 cujuscunque
1392 2648 1646 2718 dignitatis
1696 2653 1900 2703 etiamsi

99 2731 323 2798 Papalis
371 2733 583 2784 obedire
629 2739 1006 2790 contumaciter
1064 2723 1448 2802 contempserit.
1530 2731 1669 2786 Haec
1706 2734 1898 2802 quidem

95 2815 251 2866 verba
296 2814 395 2868 vim
445 2816 716 2870 coactivam
765 2819 1040 2872 evidentius
1090 2820 1374 2883 adstruunt,
1422 2836 1548 2887 quae
1583 2818 1809 2872 inferiori
1846 2820 1898 2871 in

97 2898 399 2968 superiorem
444 2917 545 2952 non
589 2901 835 2972 competit.
910 2902 1099 2957 Verum
1145 2903 1412 2957 notandum
1461 2904 1642 2961 nullam
1691 2922 1900 2976 poenam

94 2983 437 3053 particularem
474 2983 705 3037 Pontifici
742 2988 1014 3041 contumaci
1048 2988 1385 3058 imponendam
1423 2989 1699 3058 designari,
1737 2989 1899 3043 sedin

96 3085 279 3137 genere
315 3069 465 3121 statui
513 3079 567 3121 ut
615 3070 887 3140 quicunque
934 3073 1131 3125 obedire
1178 3073 1556 3144 contempserit,
1604 3077 1898 3143 condiynae

92 3158 443 3220 poenitentiae
479 3156 804 3227 subjiciatur,
841 3161 994 3209 ctiam
1017 3161 1107 3210 aad
1126 3154 1418 3229 v‹zh'a›;{7't'ci·is
1452 3162 1686 3211 remedia
1723 3179 1905 3211 wear--

95 3241 292 3300 rendo,
327 3241 399 3302 uti
434 3240 489 3292 fit
524 3240 576 3293 in
601 3241 711 3315 aliis
749 3240 1068 3312 synodalibus
1104 3242 1335 3306 deci-eti3‚
1371 3261 1498 3311 quae
1535 3243 1763 3312 dogmata
1786 3243 1896 3296 fidei

81 3339 194 3377 ,non
219 3324 543 3393 constituunt3
583 3343 653 3379 ex
676 3344 771 3394 quo
797 3326 963 3379 omnia
1001 3326 1144 3396 simul
1182 3327 1392 3396 ejusdem
1432 3326 1672 3381 sessionis
1697 3327 1896 3381 decreta

94 3416 331 3458 vocantur
369 3413 642 3472 mandata,
688 3418 905 3472 statuta,
953 3430 1041 3463 seu
1079 3414 1468 3473 ordinationes,
1515 3430 1572 3466 ac
1601 3423 1897 3481 praecepta

1476 3495 1550 3547 8,.
