2326 3854
935 148 1598 206 ----174—-—
1991 121 2049 171 ⁰

334 308 543 364 vocibus
603 313 985 366 sollicitudinis
1012 343 1016 346 »
1048 315 1280 365 omnium
1340 314 1710 368 Ecclesiarum
1758 317 1832 367 uti
1886 318 2088 386 maluit,
2140 329 2191 375 et

335 396 568 451 similiter
606 399 772 452 sancti
808 397 1086 452 Pontifices
1127 398 1481 453 abstinuerunt
1521 420 1549 455 a
1587 401 1827 468 vocibus,
1867 421 2010 473 quae
2032 406 2188 459 domi-

332 495 502 538 natum
544 496 596 539 et
635 495 807 557 typum
845 486 1113 557 potestatis
1152 486 1427 540 saecularis
1466 488 2034 560 spirant31sanctusque
2060 489 2190 546 Gre-

332 570 507 642 gorius
560 571 675 643 (lib.
716 571 768 624 8.
820 589 864 624 c.
904 571 1028 642 30.)
1083 573 1135 626 in
1199 574 1410 646 epistola
1466 576 1528 630 ad
1574 574 1842 647 Eulogium
1886 575 2190 649 Episcopum

330 658 742 712 Alexandrinum
776 663 1046 731 jussionis
1115 679 1300 715 nomen
1347 662 1593 733 effugiens
1643 663 1874 735 scripsit:
1965 665 2191 718 Verbum

312 749 601 820 jussionis,
630 753 782 814 peto,
820 766 855 799 a
892 766 1008 800 meo
1049 751 1238 802 auditu
1276 758 1557 812 removete,
1596 755 1724 821 quia
1761 755 1873 804 seio
1913 754 2034 821 quis
2062 771 2192 813 sum,

330 836 425 904 qui
472 836 614 886 estis,
690 833 841 886 Loco
891 838 1029 887 enim
1079 837 1213 888 mihi
1250 840 1463 905 fratres
1515 841 1668 899 estis,
1709 840 1948 891 ‘moribus
1978 845 2189 907 patres.

331 922 458 973 Non
514 940 645 990 erqo
676 924 856 993 jussi,
910 924 1010 974 sed
1064 943 1206 993 quae
1260 926 1420 977 utilia
1477 931 1628 986 sunt,
1681 927 1927 978 indicare
1983 928 2188 978 curavi.

330 1006 458 1075 Quis
505 1008 638 1061 tanti
682 1005 950 1061 Pontificis
991 1009 1347 1076 humilitatem,
1406 1029 1535 1081 quae
1573 1020 1877 1082 potestatem
1938 1029 2042 1064 nou
2090 1030 2187 1066 ex·

328 1105 534 1161 tenuat,
573 1097 663 1149 sed
701 1105 952 1161 exornat,
991 1114 1094 1149 non
1133 1097 1441 1150 admiretur?
1516 1096 1650 1151 Hinc
1690 1117 1887 1168 quoque
1923 1100 1975 1151 in
2012 1098 2187 1152 iisdem

330 1183 514 1237 litteris
564 1185 888 1236 universalis
927 1185 1196 1254 Episcopi
1239 1185 1439 1238 titulum
1485 1186 1752 1254 superbae
1802 1188 2190 1255 appellationis

327 1272 545 1325 verbum
599 1269 762 1322 noluit
818 1287 1113 1342 usurpare3·
1175 1289 1296 1339 nec·
1324 1273 1409 1343 jus
1465 1272 1742 1326 coactivum
1798 1272 1851 1324 in
1907 1270 2188 1345 Episcopus
2251 1312 2253 1316 f

327 1356 671 1411 exercendum
727 1355 962 1422 censuit,
1017 1356 1119 1410 nisi
1176 1376 1288 1411 cum
1345 1359 1652 1412 coercitione
1709 1377 1857 1435 opus,
1893 1370 2058 1413 esset:
2130 1378 2189 1414 ac

327 1453 599 1516 propterea
647 1441 765 1515 (lib.
803 1442 856 1495 9.
899 1460 977 1514 ep.
1019 1443 1140 1514 59.)
1191 1445 1244 1498 in
1299 1446 1514 1518 epistola
1563 1446 1625 1499 ad
1670 1445 1922 1501 Joannem
1959 1445 2185 1520 Syracu-

327 1549 503 1584 sanum
543 1529 775 1602 scripsitz
818 1531 883 1583 Si
918 1551 1027 1601 qua
1066 1535 1232 1602 culpa
1268 1537 1324 1585 in
1353 1535 1646 1603 Episcopis
1684 1537 1967 1602 invenitur,
2004 1538 2187 1588 nescio

327 1623 448 1689 quis
499 1623 550 1672 ei
597 1617 735 1690 (sedi
782 1616 1146 1691 Apostolicae)
1205 1621 1474 1692 subjectus
1521 1640 1631 1673 non
1680 1624 1771 1674 sia·
1844 1621 2011 1674 *Cum
2059 1641 2186 1674 vero

326 1709 492 1776 culpa
553 1725 662 1758 non
727 1708 926 1775 esciyit,
1000 1723 1180 1760 omnes
1251 1709 1710 1770 SECUNDUM
1768 1706 2195 1779 RATIONEM

329 1796 393 1846 H
401 1791 859 1847 UMILITATIS
909 1797 1165 1863 aequales
1215 1814 1410 1848 sumus.
1499 1795 1639 1849 Haec
1688 1813 1758 1849 ex
1805 1795 2087 1849 humilitate
2135 1804 2188 1849 et

325 1883 541 1936 caritate
589 1898 840 1953 expressa
890 1881 1026 1935 trahi
1076 1893 1333 1953 nequeunt
1383 1883 1446 1936 ad
1501 1883 1786 1955 negandam
1841 1902 2083 1936 summam
2134 1891 2186 1936 et

325 1969 520 2039 plenam
559 1978 861 2040 potestatem
900 1969 1141 2040 primatui
1179 1979 1578 2041 competentem,
1629 1979 1878 2040 quatenus
1913 1970 1967 2023 in
2004 1969 2184 2024 Eccle-

324 2057 433 2108 siae
470 2055 866 2108 aedificationem
905 2057 1160 2121 conferat,
1200 2056 1318 2126 quin
1358 2056 1503 2109 simul
1540 2067 1755 2128 negetur
1792 2056 1902 2128 ipse
1938 2055 2186 2128 primatus

323 2142 377 2195 in
426 2142 637 2195 unitatis
684 2143 870 2195 bonum
920 2153 971 2197 et
1018 2143 1071 2196 in
1123 2143 1518 2202 aedificationem
1581 2143 1881 2202 institutus„
1941 2142 2184 2198 Potestas

324 2249 450 2284 vero
505 2229 743 2302 primatui
803 2240 1095 2302 competens
1153 2229 1205 2282 in
1262 2230 1552 2284 universam
1602 2230 1916 2296 Ecclesiam,
1961 2231 2183 2285 coercita

323 2317 466 2370 intra·
498 2316 685 2369 limites
723 2318 851 2388 ejus,
889 2318 1023 2388 quod
1059 2317 1113 2370 in
1152 2318 1375 2388 ejusdem
1411 2317 1677 2373 Ecclesiae
1714 2320 1898 2384 bonum
1937 2328 1988 2372 et
2014 2319 2184 2373 aedifi-

296 2404 576 2458 cationem
625 2405 874 2470 refertur,
934 2423 1084 2475 quam
1132 2405 1301 2466 aliena
1347 2416 1428 2459 est
1475 2426 1506 2460 a
1559 2406 1814 2460 dominatu
1864 2407 2183 2460 monarchico

322 2491 583 2563 potentiae
620 2491 923 2558 saecularis,
973 2510 1104 2564 quae
1151 2511 1243 2565 pro
1281 2493 1492 2548 arbitrio
1531 2504 1582 2548 et
1618 2492 1761 2548 libitu
1797 2493 2051 2565 quaelibet
2087 2493 2184 2549 sibi

322 2578 638 2632 vindicaret?
1930 2642 1933 2643 γ

471 2666 558 2718 12.
637 2663 882 2718 Potestas
931 2665 1081 2718 unius
1130 2684 1286 2739 supra
1332 2685 1509 2721 omnes
1560 2667 1710 2721 etiam
1746 2665 2026 2740 Episcopos
2074 2686 2182 2721 mo·-

322 2753 560 2806 narchiae
611 2754 865 2824 cujusdam
911 2753 1107 2825 species
1158 2763 1266 2821 estg
1318 2765 1371 2807 at
1419 2773 1522 2807 non
1567 2755 1731 2808 omnis
1771 2755 2093 2809 monarchica
2128 2754 2180 2808 in

321 2839 497 2895 vitium
546 2849 598 2894 et
626 2840 1114 2913 reprehensionem.
1139 2841 1297 2906 cadit,
1354 2843 1444 2895 sed
1497 2842 1582 2895 illa
1634 2851 1829 2895 tantum
1851 2881 1867 2910 ,
1924 2861 2022 2912 qua
2069 2843 2180 2912 quis

321 2937 625 3000 potestatem
663 2928 716 2981 in
754 2928 937 3000 publici
971 2927 1093 2981 boni
1131 2929 1525 2993 destructionem
1578 2938 1840 2983 exerceat.
1918 2928 2177 3005 Regimini

320 3012 586 3068 Ecclesiae
633 3033 743 3068 cum
784 3013 1022 3070 Christus
1072 3035 1175 3069 non
1224 3017 1383 3082 solum
1432 3016 1613 3070 summi
1652 3015 1917 3070 Pontificis
1938 3056 1952 3082 ,
1999 3016 2088 3070 sed
2127 3026 2175 3069 et

319 3100 683 3175 Episcoporum
733 3112 1037 3174 potestatem
1092 3104 1381 3159 immediate
1435 3103 1766 3176 praefecerit,
1824 3102 1922 3155 ita*
1942 3112 1996 3154 ut
2045 3102 2178 3156 illius

320 3200 568 3263 potestaS,
607 3190 928 3260 quantumvis
966 3209 1162 3245 summa
1199 3201 1350 3262 atque
1388 3191 1697 3264 plenissima,
1735 3208 1836 3242 non
1872 3199 2042 3242 tamen
2068 3191 2177 3244 sola

320 3279 422 3342 sit,
480 3277 568 3330 sed
623 3275 905 3350 Episcopos
959 3277 1014 3331 in
1070 3287 1266 3350 partem
1324 3270 1687 3344 sollicitudinis
1726 3286 1935 3332 vocatos
1997 3277 2177 3330 debeat

320 3381 632 3433 agnoscere,
709 3374 761 3418 et
825 3365 1070 3435 siquidem
1131 3364 1293 3438 possit
1368 3384 1468 3437 pro
1497 3437 1499 3440 ι
1519 3363 1790 3437 potestatis
1867 3363 2174 3436 plenitudine

320 3469 492 3503 eorum
546 3452 814 3504 facultates
865 3452 1117 3505 moderari
1174 3470 1232 3505 ac
1290 3451 1506 3504 limitare
1566 3451 1725 3520 quoad
1775 3451 2074 3505 exercitium
2127 3461 2176 3504 et
