2326 3854
237 193 294 243 ⁹
678 252 846 259 ---
944 219 1062 276 173
1158 249 1316 255 ——-—

95 385 175 454 qui
198 383 241 455 ¹)
282 384 467 436 duobus
505 384 554 435 in
593 384 712 438 locis
749 383 913 436 laudat
950 391 1143 435 textum
1181 380 1393 434 Roberti
1429 379 1663 452 Episcopi
1700 382 1902 434 Lincol-

94 470 280 523 niensis
319 471 376 522 ad
415 469 752 522 Innocentium
789 467 879 522 IV.
921 467 1046 536 apud
1083 466 1392 520 Matthaeum
1429 465 1579 518 Paris
1626 466 1685 516 ad
1723 484 1900 518 annum

96 556 249 607 1253.
327 555 665 624 Apostolicae
702 556 840 605 sedis
891 556 1142 604 sanctitas
1176 571 1282 604 non
1314 560 1491 620 potest
1535 555 1639 603 nisi
1675 570 1811 619 quae
1846 556 1900 602 in

93 642 535 708 aedificationem,
589 657 694 688 non
751 641 806 687 in
861 640 1281 689 destructionem.
1386 639 1537 689 Haec
1587 640 1722 689 enim
1779 638 1900 687 PO-

102 722 473 774 TESTATIS
522 722 982 772 PLENITUDO
1028 720 1160 791 (est)
1229 721 1472 773 OMNIA
1522 722 1776 774 POSSE
1821 723 1907 773 IN

92 805 770 858 AEDJFJCATJONEM,
865 804 961 859 Cui
1026 806 1306 858 sententiae
1368 808 1602 859 calculum
1667 806 1900 876 adjiciens

90 892 215 944 idem
250 889 528 943 Febronius
567 891 618 942 in
655 891 834 943 litteris
873 892 932 942 ad
971 888 1278 943 Clementem
1303 889 1444 945 XIII.
1482 900 1805 962 protestatur,
1845 909 1900 944 se

89 975 139 1027 in
180 975 422 1028 Pontifice
470 977 650 1027 nullam
689 983 1003 1044 potestatem
1041 980 1288 1047 rejicere,
1334 995 1468 1044 quae
1526 979 1599 1027 ad
1646 980 1899 1029 utilitates

91 1063 382 1122 Ecclesiae,
420 1065 492 1113 ad
529 1065 949 1131 aedificationem
971 1064 1172 1130 templi,
1209 1063 1310 1112 hoc
1348 1069 1440 1120 est,
1478 1064 1552 1112 ad
1585 1065 1900 1130 compactio-

87 1166 202 1197 nem
251 1148 624 1207 membrorum,
678 1150 1025 1214 corporisque
1081 1146 1280 1197 Christi
1320 1149 1738 1216 conjunctionem
1774 1166 1899 1213 per-

88 1235 256 1282 tinere
304 1233 525 1283 videtur.
614 1228 693 1282 De
754 1231 844 1283 hac
891 1228 1185 1281 Pontificiae
1222 1233 1504 1296 potestatis
1547 1232 1897 1296 plenitudine,

88 1315 296 1384 quam2)
354 1324 411 1368 et
458 1312 700 1367 Gallicani
755 1332 863 1366 cum
922 1311 1148 1366 Gersone
1202 1312 1418 1366 confessi
1472 1323 1614 1378 sunt,
1671 1315 1897 1367 audiatur

88 1399 142 1452 S.
182 1399 537 1453 Bonaventura
573 1400 626 1450 4.
677 1399 791 1451 dist.
831 1399 918 1451 ⁶20.
967 1408 1096 1469 part.
1136 1400 1188 1450 2.
1239 1408 1334 1449 art.
1378 1400 1463 1450 ll.
1514 1409 1704 1467 quaest.
1745 1402 1794 1452 5.
1836 1402 1896 1452 ad

85 1484 136 1534 4.
177 1484 228 1535 in
267 1484 388 1536 line:
445 1487 720 1554 Quidquid
755 1487 1034 1552 loquamur
1059 1486 1405 1551 disputantes,
1442 1486 1528 1535 vel
1551 1488 1704 1536 etia-m
1735 1505 1896 1554 prae-

88 1571 348 1634 dicantes,
397 1570 498 1624 hoc
547 1589 679 1621 sana
722 1573 829 1638 fide
870 1571 1149 1620 tenendum
1187 1575 1289 1628 est,
1337 1572 1483 1638 quod
1519 1570 1778 1623 Dominus
1826 1576 1896 1624 vi-

90 1657 237 1704 cario
276 1674 369 1706 suo
403 1656 783 1722 plenitudinem
805 1657 1083 1721 potestatis
1121 1655 1358 1713 contulit,
1396 1661 1447 1705 et
1481 1661 1682 1706 tantam
1716 1661 1895 1726 utique

84 1741 285 1805 recepit
313 1746 646 1805 potestatem,
685 1745 933 1806 quantam
969 1739 1189 1790 decebat
1224 1739 1424 1789 homini
1453 1758 1596 1805 puro
1633 1743 1758 1792 dari
1826 1744 1897 1794 Et

86 1825 194 1874 hoc·
235 1825 308 1874 ad
361 1826 779 1893 aedificationem
835 1827 1079 1892 corporis
1136 1827 1245 1883 sui,
1301 1826 1446 1891 quod
1500 1833 1579 1876 est
1630 1827 1914 1880 Ecclesia„

99 1907 246 1959 Unde
282 1927 442 1976 super
480 1911 581 1961 hoc
629 1928 734 1960 non
780 1912 1058 1960 temerarie
1078 1911 1361 1979 Judicare,
1409 1912 1504 1961 sed
1536 1915 1744 1978 gratias
1774 1915 1876 1979 plu

83 1997 244 2044 rimas
283 1995 401 2044 Deo
454 1996 696 2046 debemus
752 2013 926 2062 ayere.
999 1992 1138 2045 Haec
1194 2003 1446 2063 postrema
1475 1996 1738 2047 xsententia
1783 1997 1894 2049 illos

83 2078 283 2131 deberet
319 2085 581 2143 coercere,
638 2078 722 2147 qui
764 2088 954 2130 tantam
999 2087 1295 2148 potestatem
1343 2077 1669 2133 Pontificibus
1715 2100 1745 2133 a
1786 2081 1891 2135 Deo

81 2163 306 2215 collatam
343 2165 549 2216 moleste
585 2165 804 2216 ferentes
842 2163 1111 2232 suggillant
1148 2172 1199 2215 et
1235 2173 1459 2234 carpunt.

227 2249 313 2299 l-l.
387 2247 564 2316 Neque
603 2248 725 2300 haec
771 2266 998 2317 suprema
1047 2257 1097 2299 et
1143 2248 1291 2317 plena
1328 2247 1671 2302 Romanorum
1712 2248 1892 2301 Ponti-

81 2331 222 2383 ficum
269 2342 490 2402 potestas
538 2326 861 2385 aedificationi
897 2330 1156 2384 Ecclesiae
1193 2332 1528 2402 prospicienS,
1577 2334 1698 2404 ipsis
1735 2335 1892 2405 impo-

82 2425 267 2468 tentem
303 2417 603 2469 dominatum
640 2426 691 2469 et
738 2415 1053 2468 arbitrarium
1086 2418 1168 2486 jus
1216 2418 1459 2483 vindieat,
1509 2419 1638 2486 quod
1674 2407 1820 2470 nuum
1863 2439 1892 2471 a

81 2498 270 2554 Christi
317 2502 632 2555 institutione
679 2502 892 2554 alienum
926 2500 970 2552 F
976 2501 1208 2554 ebronius
1258 2521 1370 2555 sese
1415 2492 1696 2574 improbare
1745 2515 1892 2573 atque

80 2586 288 2656 rejicere
326 2587 520 2657 saepius
557 2586 789 2639 declarat.
864 2585 1111 2656 Regimen
1149 2586 1436 2652 Ecclesiae,
1492 2589 1619 2657 quod
1658 2586 1890 2641 Christus

81 2672 352 2737 constituit,
388 2672 440 2723 in
467 2671 691 2729 caritate
729 2681 779 2723 et
815 2671 1084 2724 humilitate
1120 2673 1372 2725 fundatum
1409 2691 1552 2726 nemo
1577 2673 1888 2739 inficiabitur,

82 2754 124 2805 si
162 2755 518 2808 animadvertat
554 2774 664 2808 eum
702 2757 1015 2827 praecepisse
1062 2756 1340 2828 discipulis,
1397 2768 1452 2809 ut
1498 2759 1580 2827 qui
1617 2762 1776 2830 major
1814 2770 1891 2813 est

80 2838 213 2890 inter
257 2839 420 2909 ipsoS,
478 2840 564 2891 fiat
618 2840 746 2892 sicut
803 2840 963 2892 minor.
1015 2839 1171 2909 (Luc.
1223 2843 1319 2905 22,
1366 2842 1515 2910 26.);
1584 2842 1889 2913 Petrumque

80 2923 435 2993 Apostolorum
472 2923 742 2993 principem
788 2924 1036 2993 totiusque
1071 2924 1329 2978 Ecclesiae
1365 2926 1652 2996 primatem,
1700 2927 1889 2981 Christi

80 3017 291 3060 mentem
331 3007 660 3078 explicantem
697 3010 959 3062 mandasse
996 3008 1077 3078 (l.
1118 3009 1232 3062 Pet.
1273 3010 1334 3077 5,
1371 3010 1477 3081 3.),
1534 3031 1596 3065 ne
1633 3014 1887 3083 quisquam

78 3092 172 3144 sibi
221 3103 484 3162 arrogaret
531 3096 798 3145 dominari
845 3098 899 3146 in
949 3097 1109 3147 clero.
1202 3094 1312 3148 Hac
1357 3096 1415 3148 de
1471 3114 1621 3149 causa
1670 3097 1888 3151 Sanctus

78 3175 265 3228 Paulus
299 3177 352 3228 in
388 3178 677 3231 declaranda
703 3187 950 3249 potestate
987 3179 1080 3230 sibi
1116 3197 1145 3230 a
1169 3178 1279 3233 Deo
1316 3180 1513 3245 tradita,
1551 3182 1893 3236 humilioribus-

111 3374 130 3377 η
204 3383 238 3436 ¹)
269 3387 423 3426 Recole
453 3376 535 3431 lib(
555 3379 618 3427 De
648 3390 799 3438 potest.
834 3386 947 3428 Ecct.
980 3401 1016 3430 c.
1052 3390 1092 3427 1.
1126 3400 1165 3427 n.
1200 3389 1270 3427 12.

196 3442 235 3494 ²)
266 3445 358 3486 vid.
389 3445 510 3495 epist.
543 3447 880 3498 nuncupatoriam
909 3447 963 3484 acl
993 3448 1238 3487 Clementem
1271 3448 1380 3489 XIII.
1414 3452 1578 3500 erc-ap.
1609 3450 1652 3489 9.
1686 3448 1721 3500 ξ.
1754 3453 1796 3492 9.
