2326 3854
903 239 1060 275 XXXV
1152 251 1323 258 -—··

84 386 212 440 lium
257 382 664 438 venerationem
701 383 757 434 et
787 378 1167 453 obedientiam,
1213 393 1372 451 quam
1402 375 1682 446 hucusque
1712 383 1885 446 prac-

85 474 296 525 starunt
324 467 590 523 Romanis
612 463 960 520 Pontificibus
992 465 1296 536 ceterisque
1332 459 1626 535 Episcopi·
1659 475 1886 514 eorum-

87 573 188 629 que
221 555 598 625 decisionibus,
644 550 867 605 valeant
895 550 1266 623 pessundare3
1311 550 1400 621 qui
1421 546 1716 620 Miracula,
1754 541 1886 598 Re-

85 644 279 716 liquias
324 655 513 694 sacras
585 639 640 690 et
693 634 1073 710 Indulgentias
1118 636 1453 704 detrectent,
1500 632 1888 687 immunitatem

88 733 143 783 et
185 725 611 781 ecclesiasticam
646 719 1080 792 jurisdictionem
1110 718 1376 797 lacerent,
1425 724 1480 776 et
1509 720 1598 792 qui
1641 733 1748 772 non
1789 717 1889 770 sibi

84 814 321 867 habeant
350 809 617 882 addictos,
647 808 752 861 nisi
796 823 980 861 rerum
1010 824 1275 862 novarum
1321 801 1663 861 studiosos-‘⁶
1741 800 1887 872 Quid

85 897 308 972 proinde
353 897 566 963 mirum,
612 893 754 966 quod
798 893 978 947 malae
1023 893 1304 948 doctrinae
1346 892 1594 946 homines
1639 887 1889 944 laudibus

85 983 333 1038 maximis
364 977 582 1036 Claudii
611 978 827 1050 Fleury
870 996 1041 1053 opera
1086 979 1355 1034 extollant
1385 981 1548 1050 atque
1594 977 1889 1031 celebrent.

6 1140 8 1144 .
86 1067 302 1124 Sufficit
344 1069 518 1142 nobis,
565 1065 706 1139 quod
749 1065 929 1120 attulit
973 1064 1326 1122 Lutheranus
1370 1061 1609 1137 Grfiber,
1654 1059 1890 1135 praefat.

86 1158 139 1209 in
182 1153 335 1209 Inst.
381 1153 520 1207 Jur.
564 1149 916 1208 Ecclesiast.
963 1156 1154 1206 autore
1186 1146 1256 1206 G.
1287 1149 1526 1224 Fleury,
1573 1147 1712 1220 quod
1753 1163 1889 1219 opus

87 1240 326 1295 Decreto
350 1240 453 1295 21.
477 1239 683 1312 Aprilis
713 1238 899 1294 1693.
929 1239 1286 1312 proscriptum
1312 1238 1444 1299 etin
1470 1236 1728 1290 librorum
1751 1248 1891 1306 pro-

86 1328 371 1382 hibitorum
423 1325 653 1379 indicem
700 1325 930 1380 relatum
977 1324 1110 1400 fuit,
1178 1323 1359 1378 laudis
1414 1322 1778 1378 testimonium
1822 1317 1891 1371 de

88 1410 318 1467 Claudio
343 1411 590 1482 Fleury:
637 1408 888 1486 „Plenus
914 1415 1018 1486 est,
1042 1412 1232 1486 inquit,
1255 1411 1430 1466 bonae
1458 1409 1668 1483 frugis,
1689 1420 1815 1460 nam
1839 1408 1894 1459 et

87 1500 153 1554 de
183 1501 414 1572 primatu
437 1495 718 1553 Pontificio
749 1498 826 1553 ita
855 1498 1110 1572 loquitur,
1138 1514 1261 1552 eum
1293 1500 1352 1551 ut
1373 1496 1553 1571 magis
1586 1494 1892 1565 destruere,

89 1603 246 1658 quam
278 1584 563 1638 adstruere
595 1583 878 1655 videatur3
924 1583 1070 1638 haud
1103 1584 1261 1638 dubie
1293 1601 1327 1638 a
1355 1581 1684 1638 nostratibus
1728 1576 1892 1654 (Lu-

90 1666 365 1744 theranis)
390 1671 531 1723 inter
552 1673 724 1724 testes
747 1671 996 1724 veritatis
1023 1667 1416 1744 (Lutheranae
1442 1667 1652 1723 scilicet
1673 1664 1892 1720 Refor-

92 1752 396 1830 mationis),
429 1756 516 1828 qui
546 1758 734 1810 nostra
759 1759 941 1811 aetate
971 1757 1187 1832 vixere,
1211 1756 1480 1810 maximos
1503 1747 1892 1808 referendus.“

218 1841 556 1896 Honoratum
580 1840 891 1917 Toumely’,
924 1843 1012 1914 qui
1036 1842 1350 1914 ceteroquin
1372 1841 1572 1896 multas
1602 1856 1694 1894 res
1724 1837 1894 1894 theo-—

89 1928 302 2002 logicas
359 1927 497 1981 bene
556 1928 840 2002 tractavit,
913 1929 1057 1982 circa
1116 1927 1251 1983 duas
1308 1925 1574 1982 Pontificii
1632 1925 1894 1998 primatus

92 2013 411 2088 facultateS,
471 2029 610 2085 quae
662 2012 731 2067 ad
790 2014 1072 2087 spirituale
1119 2012 1415 2069 Ecclesiae
1460 2013 1711 2087 regimen
1756 2027 1894 2084 per·-

90 2101 324 2155 tinentes
371 2101 422 2153 in
468 2115 699 2174 gravem
739 2099 1155 2172 disputationem
1187 2100 1556 2174 adducuntur,
1602 2099 1755 2154 nobis
1788 2097 1895 2152 ad·-

90 2187 389 2240 versarium
437 2201 568 2239 esse«
607 2185 752 2242 haud
798 2185 1105 2242 diffitemur.
1189 2185 1369 2242 Autor
1414 2187 1692 2241 enlmvero
1737 2183 1897 2238 isthic

93 2270 328 2325 futilibus
385 2271 494 2325 illis
551 2273 878 2345 saepiusque
935 2275 1240 2346 reprobatis
1298 2273 1545 2348 placitiS,
1605 2273 1685 2327 sic
1742 2269 1898 2325 dictis

95 2354 487 2437 libertatibus
545 2355 873 2429 yoellicam‘s
941 2359 1238 2433 adhaeret,
1318 2375 1456 2432 quae
1527 2361 1896 2433 „versantur,

93 2443 168 2495 ait
212 2445 335 2496 tom.
379 2441 452 2496 ΙΙ.
501 2443 574 2495 de
620 2442 900 2498 Ecclesia
946 2463 994 2516 q.
1021 2442 1093 2499 V.
1139 2461 1192 2500 a.
1238 2444 1311 2500 Π.
1355 2446 1410 2499 in
1457 2443 1665 2499 duobus
1710 2448 1898 2517 geneu-

92 2527 293 2582 ralibus
339 2528 637 2601 capitibus·
662 2566 678 2582 .
705 2568 720 2583 .
776 2526 1016 2584 Primum
1063 2535 1180 2606 est,
1224 2530 1535 2587 Romanum
1578 2527 1897 2585 Pontificem

91 2613 222 2667 nihil
268 2616 479 2668 omnino
524 2631 690 2687 posse
735 2616 788 2669 in
834 2632 925 2670 res
974 2621 1283 2673 nostrorum
1328 2615 1554 2691 Regum
1614 2622 1898 2688 tempora·—

91 2699 175 2754 les
191 2718 209 2771 3
266 2717 368 2754 nec
425 2702 599 2754 teneri
652 2717 844 2756 eorum
906 2702 1149 2758 subditos
1216 2704 1296 2758 illi
1368 2705 1779 2776 obtemperare,
1853 2703 1900 2755 si

94 2784 232 2839 forte
278 2786 342 2839 ab
387 2787 453 2839 iis
500 2786 786 2859 quidquam
833 2791 1122 2863 exigeret,
1170 2790 1310 2861 quod
1355 2789 1481 2844 huic
1525 2799 1813 2862 supremae
1845 2789 1899 2841 in

93 2870 476 2943 temporalibus
522 2874 827 2927 auctoritati
872 2874 1284 2931 adversaretur.
1363 2873 1710 2950 Secundum,
1759 2872 1900 2946 quod

95 2957 195 3011 etsi
241 2953 499 3010 Summus
543 2955 800 3012 Pontifex
838 2961 899 3031 riu
958 2964 1123 3015 rebus
1181 2959 1548 3036 spiritualibus
1612 2976 1899 3034 supremus

94 3041 196 3116 sit,
243 3045 488 3115 potestas
532 3039 876 3099 nihilominus
917 3047 1171 3101 'absoluta
1216 3053 1270 3104 et
1313 3046 1579 3104 illimitata
1618 3046 1761 3120 apud
1799 3063 1899 3100 nos

93 3128 270 3183 locum
315 3144 421 3182 non
465 3129 660 3203 habet,
707 3129 805 3183 sed
850 3132 1062 3206 regulis
1107 3146 1171 3186 ac
1215 3134 1510 3190 canonibus
1556 3134 1620 3186 ab
1668 3131 1899 3203 antiquis

96 3212 335 3268 conciliis
382 3215 596 3270 statutis
656 3219 711 3269 ct
757 3215 1080 3272 confirmatis
1143 3221 1304 3290 atque
1362 3216 1506 3291 apud
1549 3233 1649 3271 nos
1694 3233 1898 3291 recep·-

96 3300 164 3352 tis
209 3300 518 3355 retineatur·
548 3317 613 3355 ac
656 3307 981 3358 caarctetur.
1071 3301 1145 3358 Et
1203 3305 1257 3358 in
1311 3305 1415 3360 hoc
1468 3304 1706 3358 maxime
1759 3319 1898 3358 con-

99 3385 238 3438 sistit
280 3381 532 3441 Libertas
576 3384 868 3442 Ecclesiae
923 3390 1270 3465 gallicanae,
1328 3389 1510 3460 ajebat
1553 3387 1899 3444 Universitas

98 3466 458 3545 Parisiensis,
502 3490 640 3532 oum.
670 3474 1069 3549 intercedebat,
1117 3492 1186 3529 ne
1230 3475 1462 3549 Bullae,
1511 3476 1698 3547 quibus
1746 3471 1898 3528 Car·—

1475 3555 1554 3614 c*
