2326 3854
877 146 1528 203 ---122——

284 311 414 364 enim
439 312 483 382 ¹)
534 315 594 367 de
651 326 788 370 certo
844 314 1164 385 legitimoque
1213 310 1423 368 Summo
1471 312 1720 368 Pontifice
1778 327 1916 370 certo
1974 319 2129 372 totius

281 397 544 455 Ecclesiae
583 403 743 474 capite
769 418 935 454 sermo
964 409 1068 467 est,
1108 400 1231 453 haec
1269 401 1364 454 duo
1402 410 1521 454 sunt
1557 401 1749 472 pariter
1788 412 1946 468 certa,
1962 406 2129 475 primo

281 504 382 540 non
421 487 574 542 licere
613 487 849 542 membris
889 504 945 539 se
985 506 1015 539 a
1053 504 1145 539 suo
1186 487 1348 560 capite
1385 507 1648 560 separare,
1688 507 1796 542 cum
1835 508 1934 560 quo
1962 486 2130 546 unitas

280 576 572 629 necessaria
611 585 718 642 est3
769 574 986 628 secundo
1025 575 1396 647 separationem
1435 576 1678 648 ejusmodi
1715 596 1744 629 a
1782 587 1923 630 certo
1963 596 2023 631 ac
2058 579 2130 632 le-

280 661 454 732 gitimo
494 662 655 734 capite
691 661 928 715 inducere
966 662 1160 716 crimen>
1178 662 1225 734 ²)
1263 662 1429 736 aperti
1463 663 1766 730 schismatis,
1806 665 1935 734 quod
1971 684 2003 718 a
2038 684 2128 719 ne-

280 748 412 802 mine
450 749 843 803 contrahendum
884 758 982 815 est,
1021 750 1322 822 ut‘alicujus
1348 750 1612 822 cujuslibet
1647 752 1881 805 scandala
1919 762 2007 805 aut
2031 753 2129 806 cri-

279 836 412 888 mina
453 837 677 909 corrigat
712 837 795 891 vel
832 836 1070 908 impediat
1098 838 1253 908 juxta
1289 837 1408 889 illud
1445 836 1628 909 (Rom.
1662 838 1714 903 3,
1741 838 1827 906 8.)
1863 839 2128 911 Apostoli:

279 922 404 975 Non
443 965 454 976 .
486 964 498 975 .
528 966 540 977 .
569 965 582 977 .
614 927 886 994 faciamus
923 925 1100 986 mala,
1149 933 1210 977 ut
1244 928 1477 982 veniant*
1498 925 1656 977 bona.
1733 924 1843 979 Hac
1880 927 1942 980 de
1978 945 2128 980 causa

276 1006 363 1062 Ivo
404 1006 741 1065 Cal-notensis
777 1009 1060 1083 Episcopus
1112 1012 1394 1084 approbare
1441 1029 1546 1064 non
1590 1011 1749 1083 potuit
1797 1031 1969 1066 eorum
2005 1011 2129 1086 Epi-

277 1114 543 1168 scoporum
580 1099 870 1164 consilium,
911 1098 996 1169 qui
1032 1098 1086 1151 in
1117 1098 1425 1169 gravissimo
1465 1098 1728 1164 scandalo,
1767 1099 1898 1168 quod
1931 1099 1989 1151 in.
2021 1104 2129 1153 tcta

274 1181 507 1238 Ecclesia
545 1186 864 1241 excitaverat
900 1184 1168 1239 Paschalis
1206 1184 1267 1238 II.
1320 1204 1563 1240 concesso
1601 1186 1726 1239 licet¹
1762 1205 1853 1258 per
1888 1185 1991 1241 vim
2015 1186 2130 1258 vpri-

274 1266 457 1343 vilegio
497 1272 557 1326 de
594 1272 944 1339 investituriS,
989 1272 1110 1326 huic
1147 1283 1294 1327 certo
1324 1271 1564 1327 Pontifici
1601 1271 1779 1325 minati
1818 1284 1937 1327 sunt
1972 1292 2029 1328 se
2066 1276 2128 1327 ab

275 1361 384 1431 ejus
435 1359 726 1413 obedientia>
758 1376 1084 1425 recessuroS,
1140 1361 1251 1414 nisi
1289 1361 1419 1414 idem
1468 1359 1785 1434 privilegium
1834 1361 2128 1415 rescindens

273 1454 466 1499 tantum
503 1447 793 1500 scandalum
829 1447 1048 1500 tolleret.
1067 1493 1094 1497 μ,
1124 1445 1183 1500 In
1221 1448 1462 1521 ejusmodi
1501 1448 1876 1514 scandalorum,
1928 1467 2058 1520 quae
2097 1468 2128 1502 a

273 1530 494 1585 Summis
530 1534 865 1588 Antistitibus
902 1535 1260 1606 provenirent,
1300 1532 1592 1601 remedium,
1630 1554 1739 1588 non
1772 1536 1932 1588 solum
1971 1553 2124 1605 gene·

272 1619 394 1672 ralis
432 1622 677 1691 synodus,
715 1622 805 1675 sed
841 1621 1050 1692 quilibet
1087 1622 1239 1676 etiam
1275 1622 1488 1677 inferior
1526 1622 1749 1688 monitiS,
1788 1622 2126 1688 suasionihiffl,

271 1707 504 1779 precibus
552 1708 766 1780 aliisque
817 1708 1060 1763 similibus
1119 1710 1297 1765 mediis
1354 1716 1425 1764 ex
1492 1710 1705 1764 caritate
1730 1719 1874 1762 ‘tum
1904 1708 2125 1782 privata,
2199 1766 2205 1771 ,

272 1805 375 1847 tum
413 1796 610 1868 publica
648 1798 940 1852 adhibendis
978 1797 1050 1850 uti
1087 1807 1286 1870 potest,
1342 1815 1432 1852 eos
1482 1794 1807 1869 corrigendo,
1854 1797 1937 1851 vel
1972 1795 2127 1850 etiam

272 1902 380 1936 cum
420 1884 586 1938 debito
635 1884 875 1956 obsequio
929 1886 1199 1958 arguendo·
1239 1895 1291 1940 et
1336 1885 1592 1956 urgendo,
1641 1884 1900 1957 proposito
1939 1883 2126 1938 eisdem

271 1971 490 2024 naturali
528 1989 589 2025 ac
627 1971 795 2026 divino
834 1972 920 2025 illo
952 1974 1099 2044 jure,
1146 1992 1242 2043 quo
1282 1973 1345 2025 ad
1383 1971 1600 2025 debitam
1637 1990 1832 2025 morum
1878 1973 2123 2024 reforma·

270 2058 485 2124 tionem,
543 2069 595 2112 et
633 2059 696 2112 ad
734 2060 972 2113 scandala
1010 2059 1350 2112 subtrahenda
1397 2059 1700 2131 obligantur.
1778 2057 1888 2111 Hoc
1919 2057 2125 2110 unicum

269 2155 321 2199 et
356 2146 680 2200 inferioribus
714 2146 901 2200 licitum
941 2147 1212 2202 remedium
1237 2147 1494 2218 suggessit
1529 2147 1762 2200 laudatus
1786 2143 2125 2200 Carnotensis

267 2231 578 2306 Episcopus:
619 2234 749 2304 quod
786 2234 985 2288 sibene
1011 2235 1228 2299 cederet,
1267 2234 1467 2305 gratiae
1492 2243 1768 2306 agerentur
1797 2232 1937 2300 Deo,
1975 2249 2124 2286 secus

268 2339 411 2387 vero,
451 2322 586 2375 addit
623 2321 746 2374 nibil
782 2332 961 2375 contra
988 2336 1274 2394 supremum
1299 2319 1629 2375 Hierarcham
1657 2308 1967 2387 tentanduni,
2005 2338 2139 2374 cum<

268 2429 376 2463 non
414 2413 487 2463 sit
520 2417 762 2464 nostrum
780 2413 1043 2483 judicare
1082 2412 1149 2462 de
1187 2428 1388 2463 summo
1431 2410 1738 2481 Pontifice,
1762 2410 1917 2462 multo
1954 2417 2122 2462 autem

267 2497 431 2551 minus
467 2497 604 2550 illum
642 2498 919 2569 deponere:
959 2498 1090 2569 quod
1115 2497 1700 2569 confirmavitstexemplo
1725 2497 1882 2569 ipsius
1908 2493 2120 2560 Christi,

394 2688 429 2740 ¹)
463 2691 510 2731 Si
542 2691 583 2730 in
616 2700 715 2730 casu
748 2689 998 2736 schismatis,
1034 2702 1115 2742 quo
1148 2689 1227 2730 duo
1263 2692 1328 2730 vel
1361 2692 1448 2729 tres
1480 2702 1526 2729 se
1558 2690 1762 2741 gerebant
1792 2691 1989 2740 tanquam
2011 2689 2121 2728 Pon*

267 2750 427 2801 nuces,
460 2762 543 2792 non
574 2750 1000 2803 panorm-ediderunt
1032 2750 1355 2793 subtrahendam
1388 2750 1440 2789 ab
1459 2750 1576 2803 >ipsis
1607 2749 1913 2796 obedientiam3
1953 2748 1996 2787 id
2029 2759 2118 2788 cre-

268 2811 466 2850 diderunt
496 2811 624 2850 licere
656 2810 739 2850 illis
772 2813 956 2857 tantum,
993 2811 1062 2862 qui
1095 2804 1261 2850 nullum
1280 2824 1331 2851 ex
1363 2810 1720 2861 contendentibus¹
1747 2813 1906 2850 certum
1937 2812 1983 2849 et
2015 2808 2120 2859 legi-

266 2873 408 2911 timum
440 2866 686 2911 Pontificem
717 2870 962 2910 crederent:
1005 2870 1110 2910 alias
1141 2883 1239 2910 sese
1269 2874 1514 2922 separantes
1547 2869 1599 2909 ab
1633 2883 1711 2917 eo,
1743 2881 1864 2922 quem
1894 2869 2006 2908 bona
2035 2867 2118 2907 fide

266 2935 426 2972 certum
465 2931 710 2973 Pontificem
743 2931 1032 2981 judicassent,
1081 2943 1109 2971 a
1150 2931 1324 2977 crimine
1365 2931 1599 2971 schismatis
1643 2942 1723 2971 non
1763 2929 2118 2982 potuissentex-

267 2992 419 3031 cusari.
983 3017 986 3020 -
1620 3034 1623 3035 ⁷
1796 3040 1798 3042 v
1904 3032 1907 3039 k
1995 2993 2019 3044 '-

390 3047 431 3103 ²)
464 3043 574 3090 Hinc
595 3051 857 3102 intelligitur,
893 3063 966 3091 cur
998 3049 1152 3091 nemini
1175 3050 1301 3089 liceat
1334 3050 1705 3098 excommunicare,
1736 3061 1809 3089 seu
1832 3047 2116 3089 communione

266 3113 433 3163 privare
474 3113 684 3151 Summum
713 3110 984 3157 Pontificem,
1026 3111 1142 3152 illum
1180 3110 1345 3151 scilicet
1384 3114 1476 3151 cum
1518 3123 1612 3161 quo.
1633 3109 1972 3161 Jureiprimatus
2005 3120 2116 3148 com-

267 3173 404 3212 munio
438 3171 619 3212 omnium
652 3171 832 3211 fidelium
875 3171 1113 3210 necessaria
1157 3173 1237 3210 est.
1300 3170 1404 3211 Vide
1437 3170 1510 3210 lib.
1562 3170 1618 3209 De
1659 3169 1703 3211 vi
1749 3170 1988 3222 etratione
2019 3169 2114 3220 1)νί-1

267 3235 407 3272 matus
440 3246 475 3274 c.
510 3232 581 3272 11.
615 3227 651 3282 §.
688 3232 728 3271 1.
792 3232 871 3275 Qui
894 3232 1058 3283 ‘Papam
1102 3231 1501 3286 excommunicaret,
1541 3228 1788 3279 abrumpens
1829 3228 1937 3268 hanc
1970 3240 2110 3267 neces-

265 3292 416 3331 sariam
449 3292 748 3332 communionis
777 3291 1000 3338 unitatem,
1033 3291 1212 3331 schisma
1243 3291 1503 3347 manifestum
1534 3289 1790 3330 incurreret:
1831 3289 1940 3328 unde
1972 3298 2114 3331 omnes

268 3353 395 3391 veluti
425 3352 716 3392 schismaticos
748 3351 1020 3407 detestantur
1044 3351 1210 3393 Pseudo
1228 3350 1528 3403 ·Sar‹licensis¹
1563 3349 1828 3401 conciliabuli
1862 3349 2109 3402 Episcopus,

267 3423 344 3450 nec
389 3423 469 3449 non
513 3412 759 3452 Dioscorum
803 3415 846 3450 et
887 3411 1103 3462 photium,
1156 3410 1224 3463 qui
1266 3411 1357 3450 ausi
1397 3407 1509 3462 sunt?
1539 3406 1893 3449 excommunicare
1917 3408 2111 3449 Summos

267 3469 507 3510 Pontifices.
827 3482 829 3484 ¹
1310 3480 1314 3483 ’
2119 3477 2126 3481 ’
