2326 3854
1024 141 1197 148 ..—
1289 95 1385 164 92¹
1470 142 1636 149 -..-.

402 276 516 345 jure
551 292 865 346 nequaquam
891 275 1123 348 praediti,
1157 274 1275 332 lieet
1299 276 1575 345 reprobata
1613 295 1643 329 a
1679 279 1916 349 cujusque
1941 280 2253 334 obedientiae

407 360 755 428 Pontificibus,
793 362 847 414 in
885 361 1062 431 quibus
1100 379 1262 426 unuS,
1299 361 1415 415 licet
1452 363 1686 434 ignotuS,
1723 383 1875 419 verus
1915 375 1966 419 et
2002 367 2252 438 legitimus

405 448 564 503 fuisse
601 469 708 523 cap.
735 448 834 501 IX.
870 448 1179 502 videbimus?
1217 446 1346 501 Esto
1384 450 1456 502 illi
1495 447 1774 505 Concilium
1800 451 1940 506 Pisis
1977 452 2256 508 indixerint

405 538 539 590 hona
578 538 671 590 fide
710 554 781 590 ex
829 534 1135 589 necessitate
1189 536 1424 603 remedii,
1482 539 1613 608 quod
1661 539 1858 593 aliunde
1907 540 2104 612 sperari
2153 558 2254 593 non

405 643 555 696 posse
603 622 1008 676 arbitrabantur:
1065 640 1168 675 non
1214 633 1384 678 tamen
1430 626 1563 679 hona
1610 626 1732 679 fides
1782 645 1875 680 nec
1921 627 2128 680 remedii
2167 646 2254 680 ne-

406 709 619 765 cessitas
670 720 910 783 poterant
958 711 1268 766 convocandi
1306 714 1393 784 jus
1455 713 1555 766 illis
1615 714 1870 781 tribuere,
1928 713 2106 785 quibus
2153 733 2256 767 non

405 798 738 871 competebat.

553 884 640 938 11.
717 882 776 938 Si
813 904 968 958 porro
1015 904 1085 940 ex
1131 903 1340 940 numero
1378 886 1773 960 Episcoporum,
1821 889 1910 958 qui
1954 890 2007 942 in
2046 889 2255 943 concilio

405 972 732 1039 conveniunt,
771 973 831 1027 de
868 973 1027 1046 ipsius
1068 972 1142 1045 (si
1178 975 1250 1028 ita
1289 975 1424 1046 loqui
1460 974 1639 1048 liceat)
1678 976 2093 1040 oecumenicitate
2123 978 2257 1049 judi-

404 1061 532 1114 cium
571 1060 827 1114 ferendum
868 1061 965 1128 sit,
1016 1061 1115 1115 etsi
1150 1062 1317 1134 plures
1355 1060 1495 1116 Pisis
1546 1063 1905 1128 convenerint,
1958 1081 2107 1134 quam
2146 1063 2256 1116 aliis

403 1149 457 1200 in
494 1147 638 1216 lociS,
675 1166 804 1218 quae
843 1167 873 1201 a
907 1149 1101 1202 duobus
1140 1150 1556 1203 contendentibus
1595 1150 1657 1203 ad
1691 1151 1983 1221 generalem
2009 1150 2257 1222 synodum

403 1237 753 1290 celebrandam
780 1236 1002 1302 ¹fuerant
1046 1236 1377 1308 praestituta,
1441 1255 1551 1291 cum
1613 1246 1785 1291 tamen
1845 1255 1947 1290 non
1995 1237 2140 1309 pauci
2189 1249 2258 1291 ex

403 1324 619 1378 diversis
664 1322 941 1396 provinciis
986 1322 1131 1376 Pisas
1178 1342 1280 1377 non
1330 1323 1667 1389 accesserint,
1713 1323 1820 1379 sive
1870 1325 1999 1394 quod
2046 1325 2096 1377 hi
2136 1342 2256 1377 suae

404 1413 639 1483 cujusque
687 1409 1002 1463 obedientiae
1039 1409 1304 1476 Pontifici,
1353 1429 1498 1480 quem
1543 1410 1767 1482 legitimo
1812 1412 1929 1482 jure
1976 1411 2256 1484 praeditum

403 1499 535 1552 bona
571 1499 666 1552 fide
698 1497 1020 1571 judicabant,
1058 1497 1334 1569 parendum
1374 1497 1707 1564 crediderint,
1756 1497 1864 1552 sive
1903 1499 2034 1568 quod
2073 1495 2255 1551 Cardi-

403 1587 591 1640 nalium
642 1584 1054 1640 convocationem
1108 1584 1384 1657 legitimam
1437 1604 1540 1638 non
1591 1584 2002 1640 existimaverint
2063 1583 2258 1638 defectu

396 1674 557 1746 juris:
608 1672 854 1744 quomodo
893 1670 1089 1725 Pisana
1126 1673 1352 1746 synodus
1401 1682 1479 1725 tot
1516 1670 1809 1745 EpiscopiS,
1862 1690 1921 1725 ac
1957 1671 2257 1743 praesertim

403 1760 566 1834 capite
614 1760 855 1814 destituta
903 1769 1044 1814 certo
1095 1760 1383 1831 generalis,
1428 1759 1818 1831 universamque
1854 1758 2137 1813 Ecclesiam
2175 1777 2258 1812 re-

401 1858 736 1921 praesentans
774 1848 948 1901 haberi
985 1849 1188 1919 potest?
1226 1846 1411 1901 Nullus
1435 1848 1639 1917 ¹scilicet
1673 1847 1956 1920 Episcopus
1995 1846 2151 1900 adfuit
2187 1864 2259 1899 ex

402 1935 653 2009 Hispania
690 1946 935 2006 sequente
955 1935 1286 1990 ‘Benedictum
1313 1934 1456 1987 XIII.
1499 1953 1626 2005 quae
1665 1937 1750 2006 (ut
1786 1935 1838 1987 in
1871 1932 2259 1988 Constantiensi

403 2025 574 2096 ajebat
612 2020 900 2093 Cardinalis
939 2021 997 2076 S.
1037 2021 1208 2076 Marci
1246 2021 1314 2075 T.
1358 2022 1443 2075 16.
1487 2020 1646 2076 Conc.
1688 2021 1780 2075 col.
1809 2021 1881 2075 34
1907 2021 1964 2091 e)
2006 2030 2127 2075 erat
2148 2041 2257 2074 non

404 2115 579 2164 minor
638 2111 1072 2164 Christianorum
1119 2114 1338 2180 portiO,
1395 2128 1555 2179 qaam
1620 2109 1857 2163 Graecia
1923 2110 2254 2163 Christiana.

403 2198 692 2253 Abfuerunt
729 2217 948 2269 quoque·
977 2212 1152 2251 omnes
1189 2195 1430 2269 Episcopi
1467 2194 1671 2249 Scotiae
1719 2206 1771 2249 et
1816 2195 1958 2249 multi
2006 2214 2077 2249 ex
2111 2195 2259 2248 Italia

404 2305 464 2340 ac
503 2285 807 2353 Germania,
859 2287 982 2340 adeo
1019 2295 1076 2338 ut
1111 2285 1242 2338 idem
1281 2281 1569 2337 Cardinalis
1606 2293 1852 2337 memoret
1888 2284 2083 2336 multas
2128 2282 2258 2336 Ger-

404 2378 614 2427 maniae
655 2382 709 2427 et
745 2376 942 2427 Italiae
975 2381 1163 2444 yentes
1183 2413 1199 2433 ‚
1249 2389 1378 2441 quae
1428 2371 1482 2423 in
1520 2369 1763 2442 Gregorii
1799 2367 1920 2422 XII.
1970 2369 2258 2424 obedientia

402 2462 720 2533 perstabant.
797 2459 932 2513 Hinc
970 2479 1073 2514 non
1103 2458 1353 2512 immerito
1391 2457 1611 2512 Jacobus
1648 2456 1891 2524 Lenfant,
1929 2457 2044 2511 licet
2081 2454 2253 2511 Calvi-

404 2548 556 2614 nista,
594 2548 648 2600 in
686 2548 1003 2620 praefatione
1042 2547 1102 2598 ad
1142 2545 1405 2598 historiam
1433 2542 1649 2599 Concilii
1669 2544 1851 2598 Pisani
1889 2546 2151 2608 confessus
2180 2554 2258 2597 est

403 2653 540 2686 num.
582 2634 634 2687 5.
674 2634 718 2687 si
757 2651 827 2687 ex
863 2632 1127 2686 nationum
1162 2650 1372 2684 numero
1404 2631 1725 2703 judicandum
1763 2631 1855 2696 sit,
1902 2631 2032 2685 idem
2071 2629 2258 2685 Conci-

403 2722 521 2796 lium
573 2740 676 2774 non
725 2720 882 2773 fuisse
932 2719 1134 2772 omnino
1182 2718 1496 2790 completum.
1592 2716 1786 2786 Quodsi
1847 2715 1927 2771 Cl.
1973 2715 2256 2789 Episcopus

403 2808 684 2862 Meldensis
733 2826 837 2860 non
886 2806 1132 2862 dubitavit
1181 2825 1374 2877 negare
1419 2805 1792 2859 oecumenicum
1826 2801 2124 2858 ¹Concilium
2161 2802 2254 2859 Vl.

406 2916 464 2950 eo
506 2897 638 2966 quod
674 2894 926 2949 abfuerint
963 2893 1210 2966 Hispani3
1259 2912 1357 2964 qua
1394 2893 1508 2946 dein
1547 2878 1872 2946 cohaerentia
1909 2890 2132 2944 tribuere
2167 2910 2257 2962 po-

402 2984 498 3036 tuit
534 3002 718 3037 nomen
756 2993 807 3036 et
842 2982 943 3037 vim
981 2980 1291 3036 oecumenici
1329 2980 1537 3035 concilio
1571 2978 1785 3048 Pisano,
1822 2978 1875 3031 in
1914 2996 2011 3047 quo
2049 2986 2256 3048 praeter

403 3070 661 3143 Hispanos
701 3070 833 3123 aliae
869 3073 1068 3123 multae
1113 3070 1437 3122 Germaniae
1475 3075 1528 3121 et
1563 3069 1758 3121 Italiae
1791 3070 1978 3136 yentes
2016 3064 2254 3117 defuere?

402 3157 539 3211 Num
577 3157 834 3230 generalis
879 3156 1061 3230 synodi
1107 3174 1291 3209 nomen
1338 3155 1686 3220 tribuendum,
1743 3171 1852 3207 cum
1902 3152 1977 3205 rei
2021 3150 2254 3224 propriae

403 3245 645 3312 interest,
686 3264 796 3298 cum
835 3264 938 3298 non
969 3246 1115 3316 juvat
1153 3243 1466 3314 negandum?
1739 3312 1743 3315 -

552 3334 638 3386 12.
716 3331 831 3404 Ego
882 3350 1005 3386 vero
1056 3350 1167 3385 cum
1216 3348 1286 3383 ex
1337 3328 1555 3399 antiquis
1611 3325 1837 3381 conciliis
1892 3325 2159 3379 celebratis
2203 3325 2254 3377 in

405 3418 617 3472 Oriente
644 3418 1040 3483 observaverim,
1075 3417 1216 3470 nihili
1250 3415 1470 3469 habitum
1506 3415 1660 3467 fuisse
1699 3432 1733 3466 a
1755 3411 1996 3467 Patribus
2034 3412 2250 3466 omnium
