2326 3854
694 241 858 247 ---
953 207 1041 262 29-
1127 237 1298 244 -—-

99 388 196 431 tem
233 375 354 447 ipsis
392 384 617 444 negaret,
656 374 890 443 siquidem
927 373 979 425 in
1004 371 1321 444 Episcopales
1358 369 1626 433 dioeceseS,
1664 379 1713 421 et
1748 371 1899 422 facul-

98 471 227 515 tates
277 459 534 531 Episcopis
591 459 800 511 tributas
852 477 942 529 pro
997 458 1243 512 varietate
1295 454 1782 508 circumstantiarum
1851 464 1900 505 et

96 546 351 609 Ecclesiae
386 546 514 596 bono
552 543 954 607 moderationem,
994 553 1076 595 aut
1111 540 1472 595 restrictionem
1512 539 1723 608 aliquam
1759 538 1899 589 indu-

100 632 301 684 cendam
354 637 632 700 putassent:
697 627 805 696 quis
871 628 1074 680 eandem
1128 635 1423 697 potestatem
1478 643 1663 694 negare
1716 624 1900 694 poterit

99 714 462 768 successoribus
500 708 556 763 S.
584 709 744 774 Petri,
782 710 865 779 qui
893 712 1007 781 jure
1043 711 1230 775 eodem,
1269 712 1354 762 sed
1391 710 1640 762 ordinario
1666 709 1717 761 in
1742 718 1898 761 totum

97 799 325 852 mundum
362 815 407 848 a*
426 794 583 848 Petro
627 804 859 848 manante
905 795 1144 867 primatus
1194 813 1344 848 causa
1378 795 1655 865 potiuntur-3
1707 795 1900 856 eadem-

98 903 191 953 que
227 884 284 935 de
322 898 470 934 causa
507 878 703 950 (utique
727 879 1054 934 institutionis
1081 864 1303 948 divinae)
1341 880 1393 931 in
1419 898 1562 933 omne
1586 877 1668 949 jus
1694 879 1899 932 aliorum

95 968 446 1039 Apostolorum
484 965 953 1030 extraordinarium,
989 964 1134 1018 Petri
1160 975 1322 1018 autem
1347 965 1647 1017 ordinarium
1683 965 1754 1016 ita
1788 982 1900 1017 suc-

97 1053 298 1116 cedunt,
345 1061 402 1103 ut
436 1050 482 1103 ei
516 1068 604 1121 per
640 1067 752 1102 sese
797 1050 932 1101 nulla
967 1049 1186 1120 potuerit
1222 1059 1305 1102 aut
1339 1050 1521 1120 poterit
1544 1049 1900 1102 Ecclesiastica

95 1136 338 1189 institutio
374 1136 649 1205 derogare?
694 1134 890 1198 NulluS,
929 1135 1092 1198 cred0,
1131 1153 1200 1186 ex
1237 1134 1535 1186 adversariis
1573 1134 1824 1186 catholicis
1850 1135 1901 1186 iu

93 1211 287 1274 vdubium
325 1219 520 1274 vocabit
553 1218 898 1288 antiquissima
932 1219 1254 1290 provincialia
1293 1219 1499 1272 concilia
1535 1219 1756 1289 potuisse
1781 1217 1901 1288 Epi-

95 1306 355 1378 scopalium
398 1306 683 1358 facultatum
726 1323 865 1356 usum
913 1305 1203 1375 praefinire,
1255 1304 1527 1368 moderari,
1574 1304 1654 1357 vel
1691 1303 1901 1356 restrin-

94 1410 231 1462 gere,
268 1392 412 1461 prout
447 1390 576 1442 bono
613 1389 806 1460 publico
845 1389 1083 1460 expedire
1119 1390 1396 1443 videbatur.
1455 1389 1546 1443 Jus
1584 1388 1775 1458 quidem
1813 1407 1901 1445 an-

94 1476 338 1546 tiquarum
376 1475 704 1545 synodorum,
751 1493 876 1543 quae
919 1476 1024 1527 fere
1061 1476 1259 1527 fuerunt
1295 1473 1664 1544 particularium
1700 1474 1900 1544 provin·-

96 1562 311 1625 ciarum,
346 1561 428 1614 vel
454 1559 718 1628 *regionum
757 1559 1042 1630 ampliorum
1079 1559 1150 1611 ita
1186 1560 1256 1611 illi
1293 1559 1562 1629 legitimum
1600 1559 1808 1623 habent,
1846 1569 1901 1610 ut

97 1647 156 1698 ad
193 1642 366 1697 barum'
408 1661 632 1695 normam
680 1644 843 1695 nostri
890 1663 1082 1714 quoque
1129 1644 1366 1715 temporis
1414 1643 1717 1714 disciplinam
1755 1664 1901 1698 revo-

97 1731 298 1783 candam
338 1729 680 1789 contendant„
728 1727 881 1780 Ratio
925 1729 1032 1783 veri
1084 1739 1133 1782 et
1179 1729 1366 1800 proprii
1413 1747 1584 1781 earum
1622 1730 1753 1799 juris
1804 1729 1900 1781 alia

96 1834 196 1867 non
233 1824 325 1879 est,
361 1813 458 1866 nisi
495 1814 608 1882 quia
633 1813 801 1865 eadem
827 1814 1051 1879 concilia,
1089 1815 1202 1866 licet
1236 1813 1572 1884 particularia,
1611 1831 1710 1865 non
1738 1823 1899 1866 autem

96 1898 413 1953 oecumenica
440 1899 648 1962 fuerint3
697 1916 804 1950 cum
840 1908 1007 1952 tamen
1045 1900 1259 1969 ejusdem
1295 1898 1582 1969 provinciae
1618 1900 1698 1953 vel
1736 1899 1900 1969 regio-

94 1985 171 2036 nis
207 1983 530 2046 Antistitibus
570 1982 912 2053 jurisdictione
957 1993 1300 2055 praestarent,
1349 1993 1582 2054 poterant
1626 1984 1745 2056 ipsis
1791 2003 1900 2036 eum

94 2067 453 2140 Episcopalium
500 2069 784 2120 facultatum
843 2087 984 2121 usum
1032 2068 1371 2140 praescribere
1423 2069 1504 2122 vel
1550 2079 1769 2134 mutare,
1819 2069 1901 2138 qui

94 2154 262 2206 utilior
298 2162 432 2206 esset
469 2152 593 2204 etin
632 2153 1017 2206 aedificationem
1044 2151 1300 2206 Ecclesiae
1338 2155 1605 2206 conferret.
1678 2153 1787 2206 Hoc
1817 2156 1900 2225 jus

97 2239 140 2292 si
162 2238 393 2291 tribuitur
430 2235 650 2290 conciliis
675 2238 1067 2308 particularibus,
1106 2257 1232 2308 quae
1256 2240 1362 2291 solo
1394 2241 1510 2310 jure
1546 2239 1899 2292 Ecclesiastico

97 2325 192 2376 toti
227 2322 512 2395 provinciae
546 2323 628 2376 vel
672 2323 894 2392 regioni,
943 2326 1143 2394 ejusque
1179 2322 1441 2394 Episcopis
1479 2327 1594 2394 jure
1641 2325 1804 2377 divino
1849 2324 1899 2375 in

98 2409 290 2478 origine
326 2407 570 2460 institutis*
601 2407 913 2477 praesident,
965 2419 1148 2476 quanto
1196 2409 1356 2479 magis
1394 2410 1752 2462 concedendum
1791 2427 1901 2460 suc·

98 2489 374 2542 cessoribus
410 2489 466 2543 S.
506 2490 674 2556 Petri,
725 2491 807 2560 qui
844 2492 1068 2544 omnibus
1104 2491 1390 2565 Episcopis,
1435 2494 1651 2565 ipsisque
1687 2494 1901 2564 particu-

97 2575 280 2626 laribus
307 2577 508 2646 synodis
534 2587 772 2647 praesunt
787 2578 902 2648 jure
927 2575 1129 2629 divino?
1167 2577 1416 2631 Poterunt
1440 2598 1562 2649 ergo
1584 2572 1725 2643 ethi,
1763 2579 1806 2630 si
1832 2597 1901 2631 ex

96 2660 338 2712 varietate
365 2662 838 2714 circumstantiarum
866 2661 1114 2732 expediat,
1151 2663 1212 2715 int
1229 2662 1617 2717 aedificationem
1642 2662 1901 2717 Ecclesiae

97 2741 736 2813 Episcoporum‘facultates
763 2748 1024 2812 moderari,
1059 2749 1138 2800 vel
1165 2748 1311 2800 etiam
1335 2749 1662 2820 restringere.
1681 2797 1692 2804 c
1711 2748 1800 2801 Ex
1824 2749 1901 2801 his

100 2837 264 2879 autem
299 2820 527 2889 omnibus¹
545 2831 687 2883 facile
712 2840 790 2884 est
813 2832 1108 2901 intelligere,
1148 2851 1242 2902 quo
1271 2852 1426 2902 aequo
1454 2852 1604 2887 sensu
1622 2836 1900 2905 jurisdictio

99 2911 469 2984 Episcoporum,
508 2932 632 2982 quae
668 2917 824 2984 quoad
860 2916 1220 2969 institutionem
1258 2937 1288 2970 a
1317 2920 1429 2988 jure
1455 2919 1618 2972 divino
1657 2920 1899 2991 provenit,

101 3011 143 3048 a‘
159 2999 275 3067 jure
311 2998 453 3050 simul
475 2997 826 3052 Ecclesiastico
864 3002 1021 3070 quoad
1053 3002 1354 3054 subditorum
1392 3022 1449 3056 ac
1489 3005 1781 3058 dioeceseon
1818 3007 1901 3057 dc-

101 3082 449 3152 signationem,
488 3093 538 3136 et
562 3086 718 3153 quoad
744 3085 1025 3137 facultatum
1048 3084 1412 3157 Episcopalium
1438 3072 1824 3142 moderationem
1851 3099 1901 3141 et

103 3166 397 3219 exercitium
433 3169 717 3239 dependeat,
756 3179 806 3222 et
831 3168 988 3221 Petro
1026 3172 1486 3224 ac·successoribus
1523 3175 1630 3247 ejus
1657 3173 1900 3226 Romanis

101 3249 421 3305 Pontificibus
457 3254 766 3324 aliquatenus
803 3254 990 3307 subsit:
1029 3257 1154 3324 quod
1191 3256 1235 3308 si
1271 3256 1544 3310 adversarii
1581 3276 1720 3310 suum
1760 3268 1900 3312 ante-

104 3324 357 3405 signanum
380 3336 667 3392 -Gersonem
706 3351 968 3409 sequentes
1006 3360 1104 3392 non
1141 3341 1437 3405 inficientur,
1473 3342 1587 3396 licet
1620 3344 1788 3397 verbis
1825 3345 1900 3399 vi-

104 3421 311 3473 deantur
348 3422 653 3495 discrepare,
690 3425 943 3479 nobiscum
981 3427 1143 3497 reipsa
1185 3427 1498 3481 convenient.
