2326 3854
365 1226 788 1324 Aucross
844 1224 980 1321 An
1041 1222 1631 1343 LECTOREM.

101 1566 240 1653 Cur
278 1595 544 1649 confutatio
581 1595 889 1650 Febroniani
936 1595 1129 1666 operis,
1186 1612 1280 1664 quo
1319 1591 1585 1646 Pontificia
1630 1591 1903 1645 auctoritas

98 1695 265 1747 multis
301 1695 579 1747 nominibus
615 1696 881 1765 impetitur,
916 1694 1103 1746 tamdiu
1127 1693 1468 1757 dilata‘fuerit,
1504 1711 1605 1744 non
1642 1693 1902 1765 obscuram

99 1796 341 1848 rationem
379 1796 556 1848 afferre
592 1795 724 1848 licet.
801 1793 924 1848 Cum
961 1804 1120 1847 totum
1156 1793 1396 1847 Febronii
1433 1810 1556 1864 opus
1593 1793 1731 1844 falsis
1767 1791 1905 1863 prin-

98 1896 237 1967 cipiis
261 1896 525 1961 innitatur,
564 1895 662 1947 nisi
685 1895 901 1966 ipsorum
926 1895 1118 1947 falsitas
1145 1904 1292 1947 antea
1317 1894 1652 1967 detegeretur,
1691 1902 1742 1945 et
1766 1893 1903 1963 prin-

97 1979 222 2066 cipia
259 1994 509 2048 contraria
544 2004 656 2065 apte
693 1994 1140 2061 constituerentur,
1179 1994 1344 2065 inanis
1379 2011 1583 2065 prorsus
1620 1993 1905 2062 inutilisque

97 2095 270 2148 fuisset
305 2095 463 2148 omnis
500 2095 780 2148 confutandi
815 2096 972 2148 labor.
1046 2093 1364 2166 Explicanda
1389 2094 1547 2165 primo
1586 2104 1696 2147 erat
1721 2104 1904 2146 natura

100 2205 150 2248 et
185 2196 314 2248 ratio
351 2195 603 2249 Pontificii
636 2195 897 2267 primatuS,
937 2214 967 2247 a
1003 2214 1099 2265 quo
1137 2195 1297 2248 omnis
1331 2193 1597 2248 Pontificia
1635 2195 1905 2248 auctoritas

100 2296 340 2361 dimanat,
378 2306 428 2349 et
464 2295 727 2367 praecipua
762 2295 1003 2367 primatus
1039 2295 1394 2367 praerogativa
1429 2295 1482 2347 in
1518 2295 1741 2348 materiis
1778 2294 1905 2360 fidei,

99 2394 146 2446 id
174 2404 251 2447 est
286 2395 605 2447 infallibilitas
642 2396 974 2448 definitionum
1011 2396 1425 2466 dogmaticarum,
1465 2413 1590 2464 quae
1627 2395 1687 2446 ab
1731 2395 1907 2448 adver-

101 2494 248 2547 sariis
287 2495 539 2548 catholicis
583 2484 899 2566 inmagnam
937 2495 1331 2550 controversiam
1369 2495 1649 2560 adducitur,
1705 2513 1774 2547 ex
1810 2495 1906 2547 fine

102 2605 151 2648 et
187 2595 379 2648 ratione
415 2595 680 2667 primatus,
720 2613 778 2648 ac
815 2613 884 2648 ex
919 2595 1198 2667 principiis,
1253 2613 1378 2665 quae
1417 2596 1478 2647 ab
1515 2594 1689 2648 iisdem
1728 2594 1904 2648 adver-

102 2696 249 2748 sariis
285 2697 556 2766 probentur
593 2713 858 2760 concessa,
895 2695 969 2749 ita
1007 2706 1117 2749 erat
1151 2695 1456 2760 deducenda,
1493 2705 1548 2747 ut
1585 2695 1668 2765 qui
1704 2712 1907 2748 conces-

105 2803 275 2846 serunt
309 2795 565 2865 principia,
603 2795 927 2849 cohaerenter
961 2806 1209 2866 nequeant
1233 2813 1532 2868 repugnare.
1605 2794 1741 2848 Num
1765 2795 1814 2847 id
1839 2813 1908 2847 ex

106 2912 259 2962 aequo
295 2893 584 2964 praestitum
621 2894 687 2946 sit
720 2894 773 2946 in
796 2894 921 2947 libro
951 2906 1067 2949 ante
1094 2897 1345 2950 biennium
1370 2897 1592 2967 vulgato,
1631 2914 1739 2949 cum
1763 2896 1907 2947 titulo

105 2995 192 3045 De
227 2997 279 3045 vi
316 3001 368 3046 et
402 2996 609 3045 ratione
641 2997 902 3061 primatus
940 3005 1035 3050 etc.
1082 2996 1236 3049 lector
1272 3015 1373 3048 non
1407 3006 1797 3068 praeoccupatus
1836 2995 1908 3046 di-

98 3093 300 3163 judicet.
376 3090 600 3146 Secundo
638 3093 929 3164 explicanda
977 3105 1087 3148 erat
1123 3095 1362 3150 Potestas
1387 3094 1664 3149 ‘Pontificia
1714 3113 1908 3165 compa-

106 3203 217 3245 rata
251 3210 359 3247 cum
393 3202 640 3264 potestate
679 3191 1014 3246 Conciliorum
1051 3196 1381 3264 generalium,
1420 3195 1478 3247 de
1515 3213 1611 3264 qua
1648 3213 1749 3246 non
1786 3194 1908 3248 levis

106 3302 183 3344 est
220 3310 327 3345 cum
361 3292 533 3346 iisdem
582 3293 880 3348 adversariis
926 3293 1150 3363 quaestio
1187 3289 1479 3365 praesertim
1528 3294 1581 3346 in
1620 3292 1907 3348 Canonibus

108 3392 389 3463 disciplinae
426 3393 674 3463 antiquae,
711 3413 800 3465 pro
839 3394 1010 3464 quibus
1035 3393 1314 3447 Febronius
1343 3395 1564 3447 maxime
1601 3395 1819 3461 laborat3
1859 3405 1910 3447 et,

107 3490 158 3541 in
193 3490 318 3544 hanc
354 3510 458 3544 rem
495 3492 796 3548 discutienda
834 3504 978 3548 erant
1013 3495 1167 3548 multa
1203 3496 1335 3550 circa
1364 3489 1755 3566 jurisdictionem
1788 3493 1909 3566 Epi-
