2326 3854
1230 169 1375 205 XXVI

374 324 538 380 finem
583 322 865 400 Espenius
911 342 1154 400 magnae
1201 321 1362 380 molis
1410 341 1548 398 opus
1596 341 1645 378 a.
1690 323 1878 380 1700.
1939 328 1992 380 in
2038 328 2220 383 lucem

376 412 574 470 ediditz
619 413 736 469 Jas
761 411 1243 469 ecclesiasticam
1264 409 1647 483 universum,
1697 429 1802 485 quo
1831 414 1886 467 in
1917 413 2056 470 libro
2086 416 2221 470 nihil

373 504 495 576 ipse
529 503 745 578 omittit,
794 520 900 576 quo
932 500 1315 557 Romanorum
1345 498 1673 557 Pontificum
1707 496 2069 557 ‘autoritatem
2107 505 2218 558 im-

372 591 617 666 minuat,
666 590 935 666 sugillet,
984 588 1242 665 arrodat,
1288 590 1573 666 mordeat,
1622 605 1854 662 eamque
1903 594 2222 664 suspectam

374 683 429 734 et
474 681 844 753 contemptam
889 675 1103 732 reddat.
1173 676 1408 752 Espenii
1437 678 1544 734 hoc
1576 694 1716 752 opus
1740 676 2070 733 Janseniani
2116 696 2220 734 as·-

374 766 562 822 seclae
609 763 833 821 mirifice
881 766 1080 839 ubique
1126 766 1478 840 praedicant3
1526 771 1583 822 at
1621 762 1901 822 Catholici
1947 765 2222 822 affirmant

370 855 666 909 maximam
711 857 926 929 partem
971 853 1026 909 id
1074 859 1400 930 excerptum
1445 872 1519 910 ex
1563 854 1718 910 libris
1753 855 2035 928 pessimiS,
2084 871 2220 929 quos

371 940 555 997 Sedes
586 942 916 1016 Apostolica
951 942 1278 1014 jamdudum
1308 943 1652 1018 proscripsit.
1727 940 2004 1016 Quidquid
2035 947 2218 1000 autem

368 1028 652 1105 Espenius
695 1029 1033 1087 laudandum
1079 1031 1278 1108 habet,
1349 1048 1617 1107 eamque,
1679 1047 1822 1104 quae
1871 1047 2032 1086 suum
2081 1047 2218 1105 opus

369 1117 716 1175 commendat
759 1119 1028 1175 historiae
1077 1122 1132 1174 et
1178 1120 1519 1193 antiquitatis
1567 1120 1844 1195 cognitio,
1893 1120 2218 1193 plerumque

369 1223 444 1262 ex
467 1205 811 1263 Thomasino
861 1206 960 1262 De
1003 1211 1210 1263 velere
1242 1211 1302 1262 et
1331 1226 1495 1263 nova
1527 1205 1850 1263 Ecclesiae
1886 1205 2219 1282 disciplina

368 1294 690 1369 desumpsit.
772 1293 1109 1352 Damnatum
1156 1314 1190 1351 a
1231 1293 1387 1352 Sede
1418 1294 1749 1372 Apostolica
1791 1295 1900 1351 hoc
1948 1314 2086 1370 opus
2135 1300 2221 1352 est

369 1383 601 1457 speciali
644 1379 818 1438 Brevi
866 1400 915 1438 a.
952 1384 1142 1442 1704.
1192 1388 1248 1440 et
1293 1388 1484 1441 cetera
1531 1382 1782 1455 ejusdem
1827 1401 2001 1459 opera
2036 1386 2219 1441 omnia

371 1471 559 1529 1734.
626 1470 779 1527 Idem
827 1473 972 1527 enim
1017 1473 1222 1528 laboris
1262 1490 1464 1548 scopus
1512 1472 1615 1529 fuit
1658 1473 1714 1527 in
1758 1473 1945 1529 libello
1977 1473 2079 1528 De
2108 1490 2216 1527 re-

370 1577 560 1615 cursu
616 1560 703 1614 ad
746 1558 1106 1635 Principem
1149 1591 1237 1602 —-
1297 1564 1354 1617 et
1408 1563 1463 1616 in
1510 1582 1621 1601 ——-‘
1653 1558 1966 1616 Tractatio
2017 1559 2216 1617 histo—

367 1646 842 1703 rico-canonico
887 1649 964 1726 de
1009 1647 1325 1720 censuris,
1376 1652 1432 1706 et
1454 1679 1543 1690 —-
1587 1649 1687 1704 De
1714 1647 2221 1722 Promulyatione

368 1735 568 1810 leyam
613 1734 1193 1793 ecclesiasticarum.
1274 1736 1601 1793 Intendebat
1644 1740 1806 1793 autor
1863 1738 2217 1795 ecclesiasti-

368 1841 491 1880 cam
534 1828 867 1899 potestatem
913 1826 969 1879 in
1012 1826 1190 1882 laicos
1237 1825 1565 1900 transferre,
1612 1825 1851 1900 illosque
1899 1825 1968 1881 de
2015 1827 2216 1900 aequi-

366 1917 480 1968 tate
528 1930 889 1968 censurarum
936 1914 1444 1969 ecclesiasticarum
1478 1913 1700 1984 judices
1747 1916 2107 1989 constituere,
2163 1918 2218 1969 et

365 2001 564 2058 horum
608 2002 900 2076 patricinio
957 2017 1150 2056 omnes
1195 2006 1458 2058 avertere
1503 1999 1702 2056 Bullas
1757 2006 1951 2057 contra
1995 2000 2214 2058 Janse-

365 2091 559 2146 nianos
593 2106 835 2145 errores.
900 2084 1104 2146 Nonne
1136 2089 1192 2144 id
1224 2106 1439 2164 quoque
1469 2091 1650 2164 ipsum
1680 2091 1872 2166 movit,
1918 2092 1980 2145 ut
2008 2107 2219 2166 magna

366 2178 716 2234 contentione
762 2181 999 2253 urgeret
1041 2177 1247 2253 placeti
1294 2179 1439 2254 regii
1483 2175 1918 2234 necessitatem?
1978 2176 2216 2255 „Quare

365 2266 682 2322 nullatenus
743 2267 1001 2343 ambigo,
1069 2267 1260 2342 pergit
1303 2265 1663 2322 Backhusius
1722 2267 1778 2321 in
1829 2283 2001 2342 opere
2048 2267 2219 2322 citato

364 2372 500 2430 pag.
529 2354 697 2427 126„
747 2355 874 2428 quin
921 2371 1114 2410 omnes
1138 2394 1154 2409 .
1181 2393 1197 2409 .
1223 2393 1239 2410 .
1266 2394 1283 2410 .
1329 2356 1500 2429 probe
1533 2350 1812 2410 Catholici
1858 2359 1972 2410 tam
2010 2353 2214 2411 'Pheo-

363 2444 483 2518 logi
531 2459 694 2516 quam
739 2438 1098 2518 Jurisperiti7
1157 2443 1224 2498 iis
1273 2458 1415 2517 quae
1453 2441 1666 2513 judicio
1714 2444 1959 2517 ipsorum
2005 2444 2216 2514 subjeci

363 2536 580 2586 mature
627 2532 952 2607 perpensis9
1019 2547 1236 2585 mecum
1282 2530 1378 2584 vel
1421 2546 1623 2586 nomen
1669 2527 1903 2604 Espenii
1951 2531 2214 2604 deinceps

365 2633 489 2674 cum
536 2619 895 2674 execratione
943 2619 1053 2672 sint
1098 2617 1359 2694 audituri,
1407 2621 1464 2673 et
1497 2619 1552 2672 in
1598 2617 1717 2673 dies
1760 2620 1943 2694 magis
1989 2620 2213 2694 magis-

365 2722 471 2781 que
520 2710 643 2778 ejus
687 2707 956 2780 pleraque
1005 2721 1178 2781 opera
1224 2707 1335 2762 sint
1365 2705 1714 2782 detestaturi,
1763 2724 1904 2779 quae
1937 2708 2214 2780 quinqua—

365 2797 522 2871 ginta
568 2794 689 2850 fere
750 2810 1018 2851 annorum
1065 2795 1245 2869 spatio
1306 2795 1487 2850 solius·
1523 2792 1906 2850 Jansenianae
1960 2794 2215 2851 factionis

363 2885 420 2938 in
465 2882 670 2959 Belgio
718 2886 910 2938 contra
954 2885 1287 2957 potestatem
1317 2879 1776 2938 Ecclesiasticam
1825 2882 2108 2939 fovendae·
2148 2901 2214 2938 ac

364 2970 782 3028 conservandae
829 2972 1017 3047 gratia
1061 2972 1116 3025 in
1154 2972 1337 3027 lucem
1370 2966 1603 3027 edidit.“
1670 2969 1941 3030 Hancde
1963 2969 2213 3045 Espenio

365 3077 660 3116 censuram
706 3060 888 3116 attulit
933 3076 1148 3133 quoque
1194 3077 1372 3134 nuper
1419 3061 1566 3116 edita
1594 3057 1931 3115 Dissertatio
1965 3057 2212 3134 dogma-

364 3149 785 3214 tico-canonica
811 3149 931 3204 ‘De
957 3146 1229 3203 Romani
1261 3146 1589 3222 Pontificio
1629 3144 1919 3201 Primam
1966 3149 2214 3222 ejusque

367 3235 727 3314 attributis,
778 3240 974 3293 autore
1006 3235 1080 3292 A.
1117 3235 1527 3312 Kempeneers‘⁷
1561 3232 1800 3290 Lovanii
1845 3233 2035 3291 1841.
2063 3276 2066 3278 ψ

497 3323 753 3394 Quinimo
796 3320 1165 3388 Illustrissimi
1195 3322 1514 3381 Galliarum
1548 3321 1860 3378 ‘Praesules
1882 3319 2054 3379 editis
2098 3322 2209 3398 pa-

365 3414 663 3468 storalibus
693 3412 1142 3475 instructionibus
1163 3414 1234 3469 ab
1266 3409 1449 3487 impiis
1472 3409 1707 3486 Espenii
1739 3411 1891 3467 libris
1925 3415 2210 3467 caverunt.

365 3497 491 3572 Sic,
534 3504 595 3556 ut
652 3517 832 3574 pauca
874 3498 1208 3579 producam,
1248 3496 1455 3579 „Quis
1501 3499 1734 3556 audiens
1777 3497 2084 3576 Espenium
2122 3499 2212 3555 hic
