2326 3854
670 226 1314 283 ---207———

93 405 179 448 aut
214 393 568 466 praecavendis
615 410 714 445 uon
750 390 976 444 videatur
1013 390 1265 452 sufficere,
1315 385 1425 438 aliis
1473 393 1620 454 atque
1665 385 1773 441 aliis
1809 405 1889 439 re-

91 480 262 533 mediis
310 497 340 531 a
389 479 504 532 sede
539 476 832 548 Apostolica
875 475 1129 528 itentidem
1173 471 1408 544 appositis
1462 479 1546 522 aut
1592 471 1890 540 apponendis

92 564 439 635 providendum
480 563 604 627 erit,
653 572 707 614 ut
759 579 822 613 ne
868 569 1032 613 tamen
1083 559 1221 629 culpa
1265 557 1315 609 iu
1354 554 1690 626 Apostolicam
1726 555 1889 607 sedem

94 650 371 720 rejiciatur,
408 666 500 702 nec
536 647 763 700 credatur
800 644 1068 699 universim
1102 642 1345 696 tollendas
1381 658 1495 693 esse
1530 639 1890 711 exemptiones,

94 751 183 786 nec
221 735 305 803 jus
354 733 606 801 antiquum
658 731 712 783 in
766 738 1027 800 exemptos
1062 726 1322 799 Episcopis
1376 725 1731 778 restituendum
1780 743 1892 778 esse

91 817 319 882 omnino,
367 817 412 869 si
444 815 735 887 praesertim
771 815 824 879 in
860 813 1170 885 procuranda
1216 811 1465 869 violenter.
1506 811 1776 881 hujusmodi
1811 828 1892 863 re-

93 902 350 956 stitutione
385 905 575 973 majora
609 902 738 953 mala
773 909 824 953 et
859 898 1088 952 scandala
1122 897 1286 951 timeri
1332 896 1554 968 possint3
1603 896 1731 965 quod
1765 895 1892 948 idem

93 988 150 1040 de
189 987 299 1039 aliis
336 1001 525 1055 qnoque
579 985 816 1056 capitibus
862 984 963 1036 sedi
999 983 1318 1055 Apostolicae
1363 981 1663 1046 reservatiS‚
1713 991 1799 1033 aut
1834 981 1893 1034 de

92 1071 202 1123 aliis
260 1070 615 1142 Episcoporum
686 1069 997 1123 facultatibus
1069 1067 1291 1120 limitatis
1362 1066 1675 1137 praecedenti
1734 1065 1894 1137 capite

92 1156 324 1209 diximus,

233 1242 283 1294 4.
356 1239 506 1293 Nunc
528 1241 600 1293 -de
633 1239 832 1303 mediiS,
874 1255 1000 1307 quae
1036 1238 1096 1290 ad
1135 1238 1262 1290 hanc
1298 1236 1664 1288 restitutionem
1700 1234 1894 1287 Fehro-

93 1325 204 1378 nius
242 1323 400 1395 capite
433 1342 566 1376 nono
603 1323 856 1392 suggerit,
893 1341 985 1391 nec
1021 1322 1330 1392 reprobanda
1364 1339 1570 1392 prorsus
1608 1329 1804 1384 essent,
1850 1320 1894 1371 si

92 1410 279 1461 intacta
300 1407 567 1461 Pontificio,
598 1416 846 1478 potestate
882 1407 1002 1460 solis
1029 1406 1260 1459 abusibus
1297 1405 1531 1458 sanandis
1557 1405 1892 1476 providerent.

92 1493 166 1546 At
199 1511 260 1546 ea
295 1503 411 1549 suut
447 1493 700 1563 ejusmodi,
737 1501 792 1544 ut
827 1510 928 1544 non
963 1493 1118 1544 solum
1156 1509 1263 1544 cum
1292 1493 1406 1561 jure
1443 1489 1710 1543 Pontificio
1743 1490 1893 1542 haud-

93 1596 330 1647 quaquam
367 1577 692 1642 conveniant3
743 1577 829 1629 sed
864 1576 978 1629 illud
1016 1585 1243 1629 evertant
1276 1576 1466 1646 potius,
1504 1585 1652 1644 atque
1687 1564 1761 1628 in'·
1777 1594 1896 1628 con·-

92 1673 326 1735 temptum
364 1662 627 1727 adducant3
667 1662 794 1730 quod
828 1679 927 1714 non
963 1660 1014 1713 in
1044 1662 1236 1713 bonum·
1269 1661 1352 1732 (ut
1374 1662 1455 1714 ille
1492 1661 1586 1713 sibi
1619 1659 1895 1731 persuasit)

94 1748 179 1800 sed
220 1749 273 1800 in
326 1747 598 1801 maximum
626 1744 892 1799 Ecclesiae
939 1747 1166 1798 damnum
1215 1747 1358 1804 redit.
1445 1745 1529 1798 Ne
1583 1746 1636 1798 in
1685 1746 1896 1817 singulis

93 1832 266 1885 mediis
303 1833 364 1884 ab
401 1849 462 1884 eo
497 1831 762 1903 propositis
798 1831 1013 1902 pluribus
1050 1831 1306 1895 distinear‚
1344 1830 1553 1883 sufficiet
1586 1832 1647 1883 ad
1684 1832 1895 1885 calculos

93 1935 331 1971 revocare
366 1916 587 1986 potiora,
631 1935 760 1986 quae
794 1915 1113 1987 Apostolicae
1149 1915 1432 1968 auctoritati
1466 1918 1702 1986 majorem
1741 1918 1896 1970 offen-

94 2001 281 2054 sionem
317 2000 503 2054 inferre
537 2002 782 2056 videntur.
855 1998 1121 2053 Instructio
1175 2000 1362 2071 populi,
1411 2020 1504 2070 qua
1541 2002 1764 2054 omnibus
1802 2020 1896 2054 ex-

92 2084 332 2154 plicentur
369 2087 600 2155 cujusque
634 2086 898 2156 potestatis
942 2087 1094 2150 fineS,
1140 2104 1248 2140 cum
1284 2085 1337 2138 in
1360 2083 1691 2140 ‚Febroniano
1731 2097 1896 2158 syste-

93 2179 223 2221 mate
258 2169 432 2224 debeat
467 2171 756 2236 ostendere,
790 2179 1026 2239 quantum
1061 2169 1278 2223 Romani
1313 2168 1584 2224 Pontifices
1622 2170 1717 2223 sibi
1751 2189 1898 2235 usur-

92 2253 321 2324 paverint
354 2255 477 2307 falso
506 2256 627 2324 jure
656 2254 843 2309 invasis
878 2254 1233 2325 Episcoporum
1271 2264 1322 2308 et
1355 2254 1791 2326 Metropolitarum
1824 2258 1898 2308 fa-

93 2338 381 2404 cultatibus3
431 2339 541 2408 quis
573 2357 674 2392 non
710 2339 903 2405 videat,
940 2349 1123 2408 quanto
1160 2342 1461 2410 contemptui
1497 2348 1720 2410 exponat
1755 2339 1898 2410 Apo-

95 2423 318 2477 stolicam
355 2424 728 2489 auctoritatem,
778 2424 822 2476 si
859 2424 1151 2494 praesertim
1199 2423 1357 2494 nigris
1406 2425 1652 2477 coloribus
1701 2434 1751 2486 et
1789 2426 1897 2477 sine

90 2508 237 2579 justis
260 2508 484 2565 vindiciis
520 2510 758 2579 quaedam
780 2511 912 2564 facta
947 2519 997 2562 et
1030 2508 1270 2580 principia
1293 2510 1531 2578 quaedam
1557 2509 1898 2562 exorbitantia

95 2611 124 2646 a
147 2593 393 2648 nonnullis
417 2594 630 2648 incautis
665 2594 987 2665 scriptoribus
1022 2611 1111 2647 seu
1135 2594 1309 2652 aulicis
1331 2595 1666 2647 adulatoribus
1702 2605 1897 2648 asserta

52 2677 63 2683 ”
93 2680 264 2749 populo
301 2681 672 2750 proponantur?
1159 2677 1165 2681 “

236 2764 288 2814 5.
362 2759 580 2826 Medium
624 2764 872 2833 generalis
919 2763 1113 2818 concilii
1160 2763 1335 2828 liberi,
1392 2765 1518 2833 quod
1566 2775 1736 2836 posset
1785 2783 1897 2818 esse

95 2845 428 2910 utilissimum,
481 2847 526 2900 si
570 2846 803 2917 Episcopi
849 2847 1121 2918 conjunctis
1166 2866 1285 2901 cum
1319 2846 1567 2901 Pontifice
1619 2850 1793 2902 studiis
1847 2851 1916 2902 in⁴

97 2931 496 2985 reformationem
532 2918 814 3002 disciplinae
848 2932 1215 2998 incumberent;
1251 2933 1306 2985 in
1329 2931 1569 2986 Fehronii
1604 2944 1899 3005 systemate,

97 3034 190 3085 quo
243 3015 536 3076 pontificiae
602 3016 883 3069 auctoritati
943 3016 1168 3086 superior
1231 3018 1572 3088 praetenditur
1627 3019 1898 3072 auctoritas

97 3100 290 3154 concilii
337 3100 668 3168 oecumenici,
722 3119 886 3154 nonne
945 3101 1167 3171 legitimo
1213 3100 1508 3159 Pontificmn
1555 3103 1898 3157 Romanorum

91 3185 210 3254 juri,
246 3187 372 3254 quod
406 3186 715 3239 antecedenti
750 3204 899 3256 opere
937 3188 1034 3255 jam
1060 3186 1422 3251 constituimus,
1461 3188 1659 3241 nimium
1698 3190 1897 3241 multum

98 3269 333 3336 detrahit,
400 3271 658 3340 multisque
724 3269 1134 3334 dissensionibus,
1206 3270 1285 3323 vel
1349 3271 1495 3323 etiam
1557 3272 1897 3326 schismatibus

100 3355 279 3408 aditum
317 3355 510 3424 aperit?
1668 3409 1679 3417 F

241 3440 291 3491 6.
368 3428 529 3491 Multo
573 3450 736 3493 autem
774 3440 932 3491 minus
978 3439 1116 3497 utilia
1162 3450 1332 3498 essent
1369 3441 1573 3496 concilia
1609 3443 1896 3509 nationalia,
