2326 3854
662 287 833 296 --
928 225 1049 311 197
1146 285 1303 292 —-

81 422 470 476 Chalcedonensi
508 431 604 473 act.
653 421 729 472 16.
779 438 870 473 nec
906 438 1004 472 non
1043 437 1110 471 ex
1148 416 1388 469 relatione
1427 415 1567 485 hujus
1605 417 1784 485 synodi
1822 418 1882 468 ad

80 506 135 560 S.
187 495 427 560 Leonem.
516 505 708 574 Aliquid
766 504 918 574 igitur
966 503 1224 575 peculiaris
1260 500 1615 572 jurisdictionis
1662 501 1742 553 vel
1791 502 1882 577 hoc

78 603 298 663 tempore
360 591 688 645 exercebatur
758 607 788 640 a
837 588 1064 641 Romano
1106 587 1356 661 'Pontifice
1414 605 1559 657 supra
1608 585 1881 657 Episcopos

79 677 367 746 praesertim
395 663 676 729 Occidentis
711 674 763 725 in
789 673 1165 744 appellationum
1203 673 1366 725 causis
1393 682 1442 725 et
1466 671 1878 724 ordinationibus:

76 761 219 830 idque
255 771 362 813 toto
393 761 450 813 in
489 759 696 810 Oriente
731 757 1040 810 notissimum
1077 775 1188 810 esse
1226 758 1404 821 debuit,
1443 754 1498 808 ut
1529 757 1691 830 vsimile
1720 759 1806 827 jus
1831 756 1883 808 in

76 838 348 915 Episcopos
385 843 608 897 Orientis
657 844 717 895 ob
757 843 1166 911 communicatum
1211 861 1370 896 novae
1410 841 1600 895 Romae
1647 834 1882 894 honorem

77 930 170 981 sibi
206 923 365 982 sancti
395 935 592 998 'quoque
628 926 860 999 Episcopi
909 929 1050 1000 hujus
1099 928 1233 980 urbis
1269 926 1606 981 vindicandum
1647 926 1880 997 putarint.

76 1013 201 1066 Huic
238 1014 428 1083 quidem
467 1013 938 1082 novitati'novoque
967 1013 1093 1084 juri,
1145 1013 1270 1082 quod
1308 1012 1644 1083 opponebatur
1681 1011 1881 1086 antiquo

75 1099 265 1150 firmato
289 1099 572 1157 canonibus
609 1098 848 1150 Nicaenis
895 1098 1047 1150 totius
1084 1096 1340 1151 Ecclesiae
1388 1098 1670 1150 reverentia
1708 1085 1882 1149 conse-

78 1185 259 1247 cratis,
316 1193 365 1235 et
410 1183 703 1255 praejudicio
752 1193 863 1235 erat
913 1182 1021 1234 aliis
1059 1180 1404 1252 'Metropolitis
1454 1191 1504 1233 et
1553 1181 1881 1245 PatriarchiS,

77 1267 133 1320 S.
172 1267 282 1320 Leo
318 1267 458 1339 Papa
502 1268 702 1321 fortiter
743 1267 944 1319 restitit.
1019 1266 1094 1318 At
1137 1267 1263 1319 idem
1295 1268 1408 1334 juS,
1459 1265 1882 1317 consentientibus

75 1353 135 1405 iis
173 1371 375 1421 quorum
414 1347 687 1415 intererat,
735 1361 785 1411 et
823 1350 1121 1404 Sanctorum
1170 1351 1362 1419 quoque
1397 1347 1754 1421 Episcoporum
1791 1368 1882 1402 usu

76 1436 362 1505 conciliique
410 1435 827 1490 Chalcedonensis
886 1437 1084 1488 decreto
1145 1436 1494 1506 approbatum,
1554 1435 1735 1488 sensim
1793 1436 1880 1486 ob-

74 1521 239 1586 tinuit,
278 1540 335 1573 ac
370 1520 605 1574 Nicaeno-
635 1521 810 1577 canoni
850 1530 899 1573 et
937 1520 1137 1588 antiquo
1168 1520 1304 1590 juri,
1343 1518 1585 1572 Romanis
1621 1518 1882 1589 Episcopis

75 1625 175 1658 non
221 1606 424 1676 amplius
474 1595 884 1676 repugnantibUS,
932 1605 1129 1658 tandem
1175 1604 1519 1676 praescripsit,
1571 1605 1690 1658 adeo
1740 1614 1793 1655 ut
1817 1603 1880 1674 ¹),

76 1692 191 1744 licet
235 1708 395 1743 novae
440 1691 819 1761 praerogativae
865 1689 1067 1742 subinde
1104 1687 1667 1761 Constantinopolitanis
1714 1708 1880 1742 acces-

75 1776 249 1839 serint,
288 1775 346 1827 de
381 1774 588 1828 istorum
619 1778 734 1846 jure
759 1794 902 1828 nemo
929 1775 1133 1845 amplius
1169 1775 1366 1840 dubitet,
1404 1794 1562 1844 neque
1594 1774 1647 1826 in
1673 1773 1880 1828 concilio

73 1859 364 1913 Florentino
389 1869 524 1912 mota
549 1861 695 1913 fuerit
720 1861 778 1913 de
805 1861 897 1914 hoc
921 1861 1017 1911 ulla
1041 1860 1288 1929 quaesti0,
1309 1879 1401 1914 nec
1426 1879 1554 1914 nunc
1579 1869 1879 1923 moveretur,

74 1955 128 1997 ut
165 1945 398 2009 arbitror,
436 1943 608 1998 si'CP.
635 1945 979 2012 Patriarchae,
1017 1946 1078 1997 ad
1110 1945 1352 1998 unitatem
1375 1944 1634 1998 Ecclesiae
1671 1934 1881 1997 redeun-

77 2040 178 2093 ωε,
226 2031 394 2082 eadem
433 2031 550 2099 jura
585 2032 770 2085 vellent
805 2031 1041 2084 retinere.
1117 2028 1175 2083 Si
1210 2029 1254 2082 F
1258 2031 1490 2083 ebronius
1539 2049 1637 2083 non
1677 2031 1882 2082 auderet

72 2115 163 2168 hoc
189 2112 296 2169 CP.
343 2114 638 2169 Antistitum
657 2117 750 2186 jus
765 2115 1003 2186 impetere
1040 2125 1090 2168 et
1126 2114 1416 2187 impugnare
1435 2117 1562 2186 juris
1588 2114 1880 2167 restituendi

72 2200 320 2264 nomine,'
343 2218 435 2253 nec
481 2200 886 2271 praescriptionis
901 2237 924 2268 ,-
969 2201 1209 2253 cessionis
1270 2211 1356 2254 aut
1403 2201 1733 2272 possessionis
1781 2201 1878 2255 vim

70 2286 192 2356 ipsis
228 2303 442 2355 negare3
490 2286 730 2353 quomodo
769 2284 958 2337 auserit
994 2285 1117 2337 haec
1153 2304 1401 2357 opponere
1448 2297 1621 2338 contra
1650 2289 1734 2356 jus
1772 2285 1879 2338 Ro-

72 2378 328 2423 manorum
347 2369 659 2435 Pontificum,
687 2370 769 2439 qui
794 2368 1143 2440 praerogativa
1167 2370 1406 2441 primatus
1431 2389 1580 2441 supra
1604 2370 1879 2442 Episcopos

74 2466 123 2509 et
161 2474 310 2527 supra
345 2473 482 2507 usum
523 2465 670 2524 atque
695 2455 999 2508 'exercitium
1033 2455 1314 2507 facultatum
1339 2453 1703 2526 Episcopalium
1740 2453 1881 2526 pote-'

75 2549 252 2593 statem
291 2539 484 2593 divinae
519 2539 847 2592 institutionis
885 2550 935 2594 et
971 2542 1048 2611 jus
1085 2539 1411 2593 certissimum
1452 2541 1693 2606 obtinent,
1733 2559 1789 2594 ac
1826 2541 1876 2592 in

73 2626 288 2696 ejusdem
300 2624 428 2695 juris
450 2624 692 2677 exercitio
717 2626 946 2678 diuturna
965 2626 1172 2696 plurium
1192 2626 1500 2678 saeculorum
1526 2627 1879 2679 consuetudine

72 2720 122 2762 et
159 2708 489 2763 Conciliorum
527 2710 672 2783 etiam
709 2712 1014 2782 generalium
1052 2711 1406 2782 approbatione
1441 2711 1736 2786 fulciuntur?

198 2893 233 2946 ¹)
265 2895 559 2946 Exemptiones
597 2877 660 2935 ex.
694 2907 755 2945 gr.
801 2892 1050 2946 quorundam
1077 2897 1442 2944 Monaateriorum,
1485 2908 1588 2948 quae
1624 2900 1735 2938 intra
1777 2897 1877 2937 fines

70 2955 240 2994 aliarum
269 2965 349 3004 non
381 2957 462 2992 tam
483 2954 802 3005 Episcopalium,
821 2967 952 3004 quam
981 2955 1218 3007 ampliorum
1239 2955 1484 2995 dioeceseon
1506 2956 1586 2998 ΟΡ.
1611 2956 1874 2996 Patriarchae

72 3014 289 3059 suberant,
321 3013 559 3052 notissimae
589 3016 696 3054 sunt.
