2326 3854
999 160 1571 214 —4ffl

368 326 550 395 culari,
619 325 771 379 etiam
818 323 1073 397 amplioris
1122 323 1348 394 regionis
1367 363 1381 388 ,
1449 332 1500 376 et
1556 340 1625 375 ex
1675 321 1896 393 pluribus
1944 321 2214 394 provinciis

367 437 568 494 coacto,
629 427 759 498 quod
807 426 1148 481 universalem
1198 423 1481 478 Ecclesiam
1531 420 1633 477 non
1687 433 2070 495 repraesentat,
2122 443 2215 477 nec

364 530 523 583 totius
561 527 826 583 Ecclesiae
856 526 1261 598 jurisdictionem
1304 528 1554 593 continet,
1595 529 1715 599 jure
1763 525 2068 581 universalis
2114 525 2216 598 pri-

366 642 531 686 matus
578 629 890 703 superiorem
941 639 1257 700 agnoscunt,
1310 629 1474 682 nullus
1513 629 1754 698 siquidem
1793 627 2005 681 inferior
2042 627 2093 680 in
2133 645 2216 680 su-

365 733 619 805 periorem
659 749 802 783 suum
833 732 920 802 jus
961 731 1139 801 habet,
1194 741 1280 784 aut
1317 731 1504 785 habere
1541 740 1727 803 potest.

512 835 563 886 2.
621 831 806 903 Neque
863 833 1013 886 aliter
1072 833 1262 887 sentire
1313 842 1527 903 queunt,
1599 831 1685 901 qui
1738 831 1790 884 in
1849 831 1941 885 hac
2004 829 2219 884 materia

367 934 779 990 Constantiensis
830 935 1011 1007 synodi
1058 932 1248 988 Patres
1305 935 1455 989 duces
1508 951 1627 987 suos
1677 934 1998 1005 praeferunt,
2068 943 2218 1004 atque

367 1047 664 1108 sequuntur.
723 1034 791 1089 Hi
829 1036 961 1089 enim
1001 1056 1111 1091 cum
1153 1056 1222 1108 ex
1261 1055 1362 1090 una
1397 1046 1542 1109 parte
1579 1036 1699 1089 solis
1739 1035 1961 1089 conciliis
2000 1053 2217 1107 genera-

365 1140 523 1204 libus,
575 1157 707 1208 quae
743 1131 1034 1217 lmiyersam
1073 1139 1356 1194 Ecclesiam
1394 1147 1815 1212 repraesentant,
1859 1139 1946 1209 jus
1992 1136 2045 1189 in
2084 1155 2219 1190 sum-

366 1260 473 1294 mos
524 1239 804 1295 Pontifices
852 1251 1106 1295 asserunt
1163 1241 1444 1295 celebribus
1496 1240 1716 1312 ejusdem
1768 1240 1951 1312 synodi
2002 1239 2218 1305 decretis

369 1343 622 1396 actionum
659 1341 753 1398 IV.
795 1353 846 1396 et
882 1341 983 1409 V.,
1031 1353 1139 1395 tum
1177 1362 1248 1396 ex
1286 1354 1431 1415 parte
1471 1343 1632 1396 altera
1673 1352 1771 1396 act.
1811 1340 1948 1398 VIII.
1988 1340 2219 1413 proposi-

366 1444 555 1498 tionem
595 1445 684 1497 41.
724 1443 938 1498 Joannis
977 1443 1233 1510 Wicleffi,
1283 1447 1410 1498 Non
1452 1453 1532 1499 est
1567 1448 1634 1498 de
1672 1448 1989 1498 necessitate
2029 1445 2218 1496 salutis

367 1550 592 1600 credere
626 1547 948 1618 [Romanam
1001 1548 1305 1603 Ecclesiam
1365 1568 1478 1602 esse
1526 1567 1832 1617 supremam
1884 1550 2027 1599 inter
2078 1547 2219 1598 alias

367 1651 674 1710 Ecclesias,
728 1666 946 1701 censura
999 1653 1206 1702 erroris
1258 1659 1544 1716 notarunt,
1582 1669 1693 1719 pro
1743 1656 1944 1719 quanto
1991 1655 2220 1718 ποθεινοί

363 1755 654 1820 primatum
706 1754 895 1804 summi
934 1751 1220 1821 Pontificis
1270 1771 1436 1822 super
1485 1754 1626 1806 alias
1666 1753 1944 1817 Ecclesias
1976 1753 2218 1820 partica-

370 1856 530 1906 lares.
604 1851 923 1921 Primatum,
975 1852 1059 1922 qui
1109 1871 1182 1906 ex
1231 1853 1480 1908 catholica
1531 1853 1761 1907 doctrina
1805 1853 2100 1906 tribuendus
2140 1861 2220 1907 cst

368 1954 638 2008 Romanae
674 1953 964 2020 Ecclesiae,
1004 1954 1149 2024 eique
1185 1955 1496 2026 praesidenti
1532 1954 1770 2009 Romano
1806 1936 2078 2020 Pontifici,
2116 1972 2220 2007 non

368 2075 482 2110 esse
516 2056 645 2109 meri
681 2056 870 2110 ordinis
897 2066 950 2110 et
974 2055 1212 2130 honoris,
1252 2057 1337 2110 sed
1363 2057 1664 2130 praecipuae
1684 2056 2065 2129 jurisdictionis,
2103 2075 2235 2128 pro·

368 2159 511 2231 priae
538 2169 589 2212 et
614 2158 898 2231 personalis
925 2158 1082 2212 solius
1110 2157 1258 2212 Petri
1283 2169 1335 2213 et
1360 2177 1709 2214 successorum
1737 2161 1891 2231 ejus,
1911 2159 2039 2212 libro
2066 2177 2220 2232 ‘prae-

369 2261 564 2315 cedenti
604 2260 714 2334 (De
749 2261 803 2316 vi
838 2261 1038 2333 primat.
1079 2279 1124 2314 c.
1165 2262 1218 2315 2.
1259 2271 1312 2316 et
1347 2262 1461 2335 3.),
1509 2263 1767 2335 catholicis
1805 2280 2002 2333 quoque
2041 2262 2220 2316 adver·

370 2363 521 2416 sariis
560 2363 976 2429 concedentibuS,
1025 2363 1292 2436 probatum
1341 2365 1451 2418 fuit.
1530 2364 1609 2420 De
1646 2365 1869 2438 primatu
1904 2378 2030 2436 ergo
2060 2363 2219 2436 juris-

369 2465 602 2518 dictionis
664 2466 952 2538 accipienda
977 2515 980 2518 Δ
1006 2475 1126 2519 sunt
1173 2463 1643 2538 Constantiensium
1690 2466 1906 2520 Patrum
1962 2466 2120 2520 verba
2167 2464 2219 2516 in

367 2577 649 2620 memorata
686 2586 929 2632 censura,
975 2566 1047 2621 ita
1082 2576 1139 2620 ut
1177 2572 1384 2621 erroris
1421 2579 1592 2621 notam
1633 2568 1898 2622 affixerint
1934 2565 2220 2627 Wicleffia-

369 2687 467 2722 nae
521 2668 858 2741 propositioni
915 2669 1005 2722 41.
1063 2679 1310 2739 quatenus
1371 2680 1586 2742 negaret
1634 2670 1839 2724 summis
1888 2668 2218 2722 Pontificibus

369 2770 655 2842 primatum·
686 2770 1084 2843 jurisdictioniS,
1153 2790 1244 2825 seu
1293 2772 1695 2844 jurisdictionem
1752 2771 2006 2845 propriam
2055 2791 2219 2842 super

370 2875 510 2926 alias
537 2875 813 2928 Ecclesias
845 2877 1232 2944 particulares,
1271 2873 1403 2929 Hinc
1429 2874 1482 2927 in
1508 2876 1719 2930 eandem
1749 2871 2218 2928 Constantiensinm

370 2992 635 3028 censuram
685 2972 969 3031 Bossuetus
1019 2978 1134 3049 (lib.
1188 2978 1241 3044 5,
1289 2978 1352 3030 al.
1405 2978 1458 3032 9.
1522 2977 1735 3033 Defens.
1788 2976 2029 3047 declarat.
2079 2971 2215 3029 Cler.

372 3074 548 3130 Gallie.
589 3096 633 3131 c.
678 3078 764 3130 15.
802 3087 842 3129 t.
886 3079 936 3143 1,
973 3099 1022 3151 p.
1063 3079 1190 3132 416.
1230 3079 1394 3134 noviS.
1436 3080 1586 3153 edit.)
1625 3058 2013 3134 animadvertit:
2043 3077 2130 3128 En
2161 3083 2221 3129 at

372 3181 649 3233 Ecclesias
691 3183 1064 3250 particulares
1114 3223 1124 3234 .
1166 3225 1176 3235 .
1223 3223 1234 3235 .
1279 3222 1291 3234 .
1344 3183 1605 3253 Pontifici
1647 3182 2009 3242 submiserim&
2060 3178 2219 3231 addit-

371 3300 467 3350 que
506 3282 692 3335 exinde
730 3281 1022 3336 Gallicanos
1061 3288 1172 3337 cnm
1211 3283 1442 3337 Gersone
1479 3283 1564 3336 illa
1601 3281 1905 3353 sumpsisse,
1956 3282 2217 3335 Dandum

372 3400 486 3435 esse
523 3402 828 3451 supremam
854 3392 906 3436 et
933 3387 1160 3453 plenam
1189 3386 1448 3456 Pontifici
1475 3391 1825 3454 potestatem,
1864 3386 1961 3436 sed
1989 3387 2046 3436 in
2075 3403 2216 3436 com·-
