2326 3854
976 215 1119 253 xmu

154 361 371 416 derator
425 360 680 433 gereret3
741 357 895 412 datas
952 357 1137 411 claves
1196 368 1406 427 quoque
1452 349 1695 425 Unitati,
1755 366 1854 405 seu
1901 350 1955 403 in

153 449 348 502 bonum
376 443 612 499 Unitatis
672 447 727 498 et
778 441 944 498 Petro
989 441 1282 515 praecipue
1328 441 1384 494 et
1427 437 1550 492 aliis
1597 439 1760 492 etiam
1788 435 1954 508 Apo-

155 533 310 588 stolis
343 545 635 601 eorumque
660 525 1107 601 successoribus,
1153 523 1464 599 Episcopis,
1510 523 1731 578 seclusa
1775 523 1955 595 plebe,

155 624 390 674 attamen
435 632 555 670 cum
599 613 960 685 dependentia
1002 631 1036 666 a
1066 611 1233 667 Petro
1279 614 1334 667 et
1363 628 1484 666 cum
1519 609 1956 665 subordinatione

155 703 223 758 ad
268 705 462 774 ipsum,
509 700 596 772 qui
643 715 739 752 eas
770 699 1240 753 communicandas
1272 698 1471 753 ceteris
1517 696 1668 752 solus
1714 710 1956 767 accepe-

154 791 241 843 rit.
325 785 635 840 Ecclesiam
686 801 793 838 non
849 783 1142 858 collegium
1190 801 1317 837 esse
1362 782 1461 855 sed
1507 784 1857 855 societatem,
1903 782 1957 833 in

154 891 259 946 qua
301 871 555 944 baptizati
599 868 788 925 fideles
848 887 920 924 ex
972 871 1304 925 institutione
1352 866 1558 923 Christi
1615 870 1712 923 sub
1756 867 1957 942 legiti-

152 975 359 1014 morum
402 955 724 1031 Pastorum,
771 973 836 1010 ac
880 957 1172 1029 praecipue
1219 953 1429 1010 Summi
1469 952 1749 1013 Pontificis
1793 954 1958 1027 regi-

151 1046 294 1099 mine
341 1043 567 1116 degant,
615 1047 670 1096 et
713 1045 869 1111 cujus
915 1043 1199 1116 regiminis
1228 1044 1474 1114 potestas
1506 1036 1785 1095 aChristo
1819 1056 1959 1094 con-

153 1132 340 1185 stituta
393 1145 608 1201 veram,
639 1129 987 1197 subjectionis
1058 1131 1114 1183 et
1172 1126 1512 1182 obedientiae
1571 1125 1960 1199 obligationem

152 1215 472 1271 multitudini
517 1231 615 1269 seu
672 1215 1014 1269 universitati
1063 1214 1321 1287 imponat.
1417 1210 1524 1266 Dei
1570 1209 1768 1286 filium,
1836 1210 1959 1264 dum

154 1319 309 1357 suam
336 1299 646 1357 Ecclesiam
690 1298 920 1354 fundare
954 1316 1182 1372 eamque
1227 1316 1388 1354 unam
1428 1315 1553 1352 esse
1599 1297 1791 1371 vellet,
1838 1295 1959 1350 for-

153 1387 383 1442 mandae
429 1404 494 1440 ac
536 1384 820 1460 regendae
865 1385 990 1440 huie
1035 1387 1225 1440 unitati
1268 1386 1555 1458 primatum
1612 1385 1665 1438 in
1726 1383 1823 1437 illa
1868 1383 1960 1436 in-

154 1474 416 1546 stituisse,
446 1472 695 1544 huncque
724 1468 786 1527 S.
813 1469 982 1526 Petro
1015 1472 1372 1526 commisisse.
1427 1469 1556 1525 Non
1586 1469 1790 1524 habere
1811 1467 1961 1523 Petri

152 1559 565 1632 haereditatem,
613 1558 702 1629 qui
730 1555 881 1613 Petri
915 1557 1103 1612 sedem
1149 1559 1315 1629 impia
1357 1555 1623 1611 divisione
1655 1555 1931 1628 discerpat
1944 1573 1961 1625 3

156 1644 418 1716 siquidem
460 1645 550 1698 ubi
578 1642 811 1717 PetruS,
842 1645 1071 1699 ibiesse
1105 1641 1449 1698 Ecclesiam:
1496 1641 1721 1696 Petrum
1750 1639 1962 1696 Eccle-

156 1731 272 1784 siae
309 1728 667 1784 sundamenta
710 1725 1047 1804 (Apostolos
1094 1730 1194 1783 sibi
1238 1732 1298 1783 ut
1329 1725 1512 1800 Capiti
1542 1723 1961 1800 subordinatos)

155 1817 210 1869 in
254 1813 411 1870 fidem
457 1831 611 1869 suam
655 1816 966 1887 recepisse3
1009 1815 1186 1870 eidem
1215 1812 1404 1888 Petr0,
1450 1814 1504 1868 iu
1551 1830 1655 1886 quo
1701 1814 1963 1885 primatus

157 1899 450 1955 excellenti
495 1902 678 1974 gratia
721 1902 1126 1975 praeemineat,
1173 1902 1413 1974 ipsorum
1458 1900 1623 1954 etiam
1653 1896 1962 1973 Apostolo-

155 2004 275 2041 rum
320 2003 505 2041 curam
551 2004 586 2040 a
630 1982 856 2041 Christo
899 2003 1027 2041 esse
1072 1988 1444 2057 commissam3
1491 1986 1666 2058 ipsum
1712 2001 1837 2040 esse
1885 1982 1963 2040 Os

157 2076 212 2128 et
252 2070 573 2145 Principem.
605 2073 888 2145 apostolici
933 2069 1188 2128 coetuS.“

285 2157 488 2233 „Hunc
517 2160 803 2231 primatum
836 2155 961 2234 (qui
987 2176 1093 2214 non
1125 2158 1349 2233 ordiniS,
1395 2160 1744 2232 inspectionis
1775 2176 1840 2212 ac
1872 2158 1963 2212 di-

157 2245 412 2299 rectionis
458 2248 660 2299 tantum
688 2246 778 2318 sit,
822 2245 920 2300 sed
952 2262 1123 2300 verae
1153 2247 1491 2300 auctoritatis
1523 2263 1587 2300 ac
1615 2244 1962 2315 jurisdictio-

159 2326 303 2403 nis),
348 2330 472 2401 quia
515 2347 621 2384 non
666 2332 860 2398 minuS,
909 2349 1066 2402 quam
1106 2332 1285 2385 unitas
1315 2333 1456 2405 ipsa,
1502 2349 1600 2403 pro
1633 2334 1790 2400 cujus
1824 2349 1963 2386 con-

162 2415 471 2493 servatione
517 2433 582 2469 ac
612 2417 881 2488 regimine
911 2417 1186 2471 institutus
1218 2417 1319 2490 sit,
1365 2420 1662 2489 perpetuus
1696 2433 1820 2470 esse
1856 2416 1963 2470 de-

160 2502 316 2574 beat,
363 2501 416 2554 in
459 2498 609 2554 Petri
642 2517 993 2556 successores
1011 2539 1034 2571 ,
1079 2500 1362 2557 Romanos
1393 2501 1687 2557 Pontifices
1720 2500 1965 2557 Sedem-

160 2602 263 2657 que
317 2583 723 2660 Apostolicam,
791 2587 954 2657 hujus
1019 2589 1237 2642 unitatis
1291 2592 1533 2643 centrum
1593 2591 1648 2643 et
1703 2588 1964 2663 radicem,

143 2674 296 2740 jure
340 2670 547 2727 divino
590 2673 896 2748 transiisse,
942 2677 1001 2728 ut
1031 2674 1182 2729 nulla
1211 2676 1420 2729 ratione
1451 2674 1738 2729 transferri
1770 2692 1803 2728 a
1832 2673 1965 2729 Ro-

159 2774 318 2811 mana
363 2757 431 2812 ad
475 2758 639 2813 aliam
669 2757 856 2813 sedem
900 2760 1123 2814 valeat:
1179 2759 1249 2814 ad
1292 2760 1433 2815 hanc
1463 2758 1774 2815 Ecclesiam
1808 2778 1964 2833 pro-

155 2845 298 2914 pter
344 2841 639 2914 potiorem
684 2842 1215 2918 principalitatem
1269 2863 1511 2902 necesse
1563 2864 1689 2902 esse
1733 2864 1964 2901 omnem

163 2925 484 2982 convenire
513 2928 889 3001 Ecclesiam,
933 2930 1043 2985 hoc
1075 2936 1164 2987 est
1195 2949 1324 3001 eos,
1373 2931 1475 3005 qui
1518 2938 1664 2987 sunt
1698 2931 1967 3005 undique

159 3012 406 3086 fidelia-r,-
451 3032 490 3066 a
527 3031 671 3085 qua,
724 3019 866 3070 teste
893 3015 1176 3072 Bonisacio
1207 3017 1248 3071 Ι.
1295 3018 1565 3091 quisquis
1606 3037 1670 3073 se
1717 3018 1965 3073 abscin-

164 3100 297 3170 dat,
335 3098 483 3171 fieri
529 3119 566 3153 a
593 3099 949 3155 Christiana
981 3101 1297 3175 Reliyione
1325 3110 1655 3159 emtori-em.
1682 3132 1685 3134 -
1711 3103 1965 3160 Romano

160 3183 408 3241 Pontifici
459 3187 513 3241 in
556 3184 624 3240 Β.
670 3184 837 3242 Petro
883 3188 1174 3262 pascendi,
1242 3190 1473 3262 regendi
1519 3208 1583 3244 ac
1628 3190 1966 3263 gubernandi

161 3272 536 3327 universalem
577 3270 891 3327 Ecclesiam
937 3292 970 3328 a
1013 3272 1084 3329 D.
1115 3272 1191 3327 N.
1232 3273 1289 3328 J.
1338 3271 1406 3329 C.
1453 3276 1667 3349 plenam
1712 3280 1965 3348 potesta-

165 3362 273 3411 tem
317 3357 566 3413 traditam
599 3375 745 3414 esse.
816 3359 973 3415 Sicut
1004 3364 1184 3414 autem
1223 3361 1479 3434 pascendi
1511 3367 1565 3417 et
1595 3362 1825 3436 regendi
1857 3381 1965 3437 po-

167 3446 335 3498 testas
382 3444 498 3498 sine
542 3447 900 3502 conveniente
945 3447 1267 3522 autoritate,
1321 3448 1698 3518 jurisdictione
1751 3466 1817 3504 ac
1863 3467 1965 3504 co-
