2326 3854
931 167 1597 226 ——228—

337 346 446 391 tota
489 335 722 392 Ecclesia
771 336 1072 391 servandum
1123 337 1376 390 edixerit?
1469 334 1529 389 Si
1578 335 1694 407 quid
1742 336 1793 388 in
1841 335 2051 397 Victore
2098 341 2188 394 hac

336 426 600 480 occasione
638 433 835 498 gestum
875 441 978 475 non
1016 423 1220 477 omnino
1258 423 1568 497 probandum
1603 424 1849 494 videatur,
1886 425 2005 478 illud
2039 445 2188 480 unum

337 522 441 582 est,
483 513 610 584 quod
649 513 701 564 in
752 512 844 564 hac
892 510 1108 565 materia
1153 530 1256 564 non
1303 512 1416 565 fidei
1465 511 1554 565 sed
1606 511 1929 584 disciplinae,
1976 530 2105 583 quae
2141 524 2192 566 et

336 601 656 672 antiquorum
695 597 1001 654 auctoritate
1040 608 1091 653 et
1137 600 1411 672 insignium
1449 597 1796 654 Ecclesiarum
1820 598 2192 653 ‘consuetudine

334 689 662 752 fulciebatur,
713 705 816 740 non
854 687 1122 759 expediret
1155 695 1271 741 *cum
1306 698 1384 742 tot
1419 685 1667 742 Ecclesiis
1718 706 1891 760 pacem
1937 695 1991 740 et·
2024 686 2192 739 unita-

336 775 801 847 tem'abrumpere,
858 774 934 828 uti
981 774 1088 848 (ne
1127 775 1222 829 hac
1278 776 1339 829 de
1396 793 1552 830 causa
1605 773 2018 847 abrumperetur)
2075 762 2194 828 ante

336 863 592 932 aliquanto
662 862 723 916 ab
790 861 1014 917 Aniceto
1079 861 1332 917 Pontifice
1397 862 1689 916 obtinuerat
1750 861 1809 916 S.
1875 861 2193 935 Polycarpus

335 946 616 1022 Episcopus
666 947 1028 1023 Smyrnensis:
1093 951 1207 1023 lege
1265 950 1528 1023 epistolam
1576 948 1647 1004 S(
1683 948 1883 1004 Irenaei
1928 949 2194 1022 adipsum

335 1036 601 1092 Victorem
657 1037 785 1110 apud
846 1035 1122 1092 Eusebium
1169 1039 1253 1095 lib.
1295 1039 1347 1092 5.
1405 1038 1579 1093 (3.,24.
1681 1037 1877 1092 Verum
1924 1036 2048 1091 haec
2091 1055 2193 1092 non

335 1135 641 1198 potestatem
664 1124 959 1198 impetunt,
1024 1126 1112 1180 sed
1137 1136 1141 1139 “
1166 1124 1438 1198 potestatis
1485 1143 1632 1179 usum
1679 1126 1742 1179 ad
1790 1139 2022 1179 normam
2067 1126 2194 1196 ejuS,

336 1214 468 1284 quod
514 1212 746 1285 expedit,
796 1213 1105 1285 exigendum
1146 1212 1434 1266 insinuant:
1484 1213 1538 1267 in
1583 1232 1680 1284 quo
1729 1232 1840 1267 cum
1888 1213 2001 1266 aliis
2050 1212 2197 1267 aliter

336 1301 467 1355 citra
506 1301 703 1372 culpam
740 1299 900 1355 videri
936 1300 1118 1373 possit,
1158 1319 1261 1353 non
1298 1309 1379 1354 est
1404 1301 1631 1355 absolute
1658 1301 1968 1354 damnandus
1993 1299 2194 1364 Victor,

337 1387 383 1440 si
430 1405 540 1440 eam
594 1386 844 1442 rationem
890 1407 982 1460 per
1031 1405 1088 1441 se
1126 1389 1321 1489 justam
1366 1387 1590 1458 sibique
1617 1388 1840 1442 maxime
1889 1387 2192 1460 probabilem

338 1483 543 1529 secutus
583 1483 680 1527 est.
1276 1525 1279 1528 ,

481 1560 646 1615 Multo
685 1572 852 1617 autem
885 1561 1091 1635 justior
1112 1562 1207 1616 fuit
1255 1581 1408 1618 causa
1444 1562 1692 1637 Stephani
1730 1562 1772 1615 Ι.
1813 1581 1926 1617 cum
1962 1564 2015 1614 in
2051 1561 2196 1614 Afri-

338 1631 521 1715 canOS,
550 1650 641 1705 vel
677 1649 905 1704 Asianos
944 1650 1483 1705 excommunicationis
1521 1652 1686 1706 minas
1724 1650 1970 1716 intendit,
2016 1658 2072 1702 ut
2108 1667 2197 1703 eos

335 1747 623 1792 removeret
678 1757 710 1791 a
757 1740 911 1811 praxi
964 1739 1267 1811 baptizandi
1303 1740 1575 1795 redeuntes
1619 1740 1710 1794 ad
1740 1737 2050 1803 Ecclesiam,
2115 1737 2199 1807 qui

337 1835 492 1879 extra
539 1823 823 1880 Ecclesiam
878 1829 1080 1882 fuerant
1131 1826 1393 1900 baptizati.
1479 1826 1622 1881 Haec
1672 1826 1806 1881 enim
1850 1825 2033 1899 praxis
2071 1824 2198 1878 inni-

336 1914 541 1967 tebatur
591 1914 878 1968 sententiae
927 1915 1174 1970 catholico
1237 1914 1459 1987 dogmati
1508 1914 1828 1980 contrariae,
1878 1924 1933 1967 at
1980 1914 2199 1969 nondum

336 2011 442 2054 tum
479 2001 743 2069 definitae,
783 2013 835 2057 et
872 2003 1072 2075 magnis
1110 2003 1227 2057 hinc
1263 2003 1378 2057 inde
1417 2002 1850 2057 concertationum
1886 2002 2082 2057 nebulis
2116 2002 2197 2054 in-

335 2089 559 2153 volutae,
599 2096 748 2160 atque
785 2090 983 2162 magnis
1009 2100 1062 2145 et
1098 2090 1407 2163 synodorum
1433 2089 1811 2162 particularium
1850 2098 1902 2143 et
1924 2089 2198 2160 insignium
2242 2157 2246 2161 .

336 2174 685 2232 Ecclesiarum
737 2177 1122 2232 auctoritatibus
1169 2179 1554 2251 comprobatae,
1604 2196 1814 2248 quarum
1863 2182 2018 2230 causa
2056 2177 2102 2230 si
2137 2173 2196 2230 S.

336 2262 623 2338 Dionysius
671 2264 1059 2319 Alexandrinus
1109 2265 1242 2319 bono
1286 2265 1427 2339 pacis
1482 2282 1598 2318 sese
1645 2263 1775 2336 apud
1823 2264 2034 2318 eundem
2080 2261 2198 2321 St&

335 2352 556 2424 phanum
593 2352 926 2425 interponens
974 2351 1189 2419 institit,
1241 2372 1307 2407 ne
1357 2350 1932 2407 excommunicationem
1982 2350 2037 2403 in
2085 2349 2200 2405 illos

333 2449 458 2494 actu
493 2442 683 2507 ferret,
723 2459 826 2494 non
863 2450 1170 2513 potestatem
1207 2440 1440 2513 negavit,
1479 2438 1876 2512 sedpotesta'tis
1915 2456 2057 2492 usum
2075 2477 2089 2504 ,
2127 2454 2200 2491 ex

339 2547 400 2582 eo
435 2529 571 2598 quod
609 2547 712 2582 non
735 2528 994 2602 'expedire
1032 2528 1382 2595 existimabat,
1422 2527 1663 2582 coercuit.
1739 2526 1861 2586 Hac..
1889 2527 1950 2581 de
1971 2535 2046 2580 're
2085 2525 2200 2581 vide

337 2614 426 2669 lib.
465 2617 555 2668 De
592 2621 646 2669 υἱ
675 2621 947 2686 primatus
986 2636 1029 2671 c.
1071 2617 1159 2671 13.
1198 2620 1354 2669 num.v
1377 2616 1466 2670 53'.
1517 2634 1636 2687 pag.
1679 2615 1803 2668 167.
1849 2611 2199 2666 -Ha'c'eadeni

339 2702 653 2768 oeconomia,
693 2723 821 2774 quae
858 2703 1104 2775 potestati
1141 2703 1267 2757 nihil
1303 2701 1597 2776 praejudicii
1635 2701 1800 2766 affert,
1822 2698 1918 2782 ’usi
1957 2697 2198 2752 sunt-alii

337 2790 507 2862 plures
558 2800 609 2844 et
664 2790 829 2844 sancti
864 2786 1136 2862 Episcopi,
1194 2790 1302 2861 qui
1331 2787 1732 2844 communionem
1781 2797 1885 2841 non
1943 2786 2201 2841 duxerunt

340 2878 729 2950 abrumpendam
751 2919 764 2944 ,
814 2878 968 2932 etiam
1006 2877 1089 2930 ubi
1127 2895 1281 2931 causa
1321 2895 1378 2930 ei
1381 2885 1435 2930 at
1465 2875 1781 2947 justissima,
1832 2892 1942 2928 cum
1991 2873 2199 2946 gravius

339 2966 628 3020 scandalum
667 2966 953 3020 ,timereturss

488 3052 546 3106 Si
585 3052 642 3107 S.
683 3053 1007 3109 Innocentius
1045 3052 1086 3105 I.
1141 3052 1373 3106 scribens
1423 3050 1485 3103 ad
1523 3047 1858 3113 Decentium,
1910 3045 2197 3100 Occidentis

338 3139 600 3195 Ecclesias
633 3142 715 3194 *ad
764 3140 1055 3213 disciplinae
1103 3159 1163 3194 ac
1212 3140 1400 3193 rituum
1439 3138 1713 3201 unitatem,
1755 3137 1883 3206 quae
1921 3134 2198 3187 dissensio-

338 3228 485 3282 nibus
525 3229 735 3298 aliisque
775 3226 1026 3283 scandalis
1064 3227 1333 3289 obviaret
1375 3243 1619 3280 1evocare
1658 3222 1879 3296 studuit,
1934 3219 2046 3290 quis
2085 3239 2197 3275 cum

339 3313 596 3369 Febronio
656 3319 730 3388 (c.
783 3316 834 3369 5.
893 3315 954 3383 ξ.
993 3315 1044 3367 2.
1103 3334 1154 3367 ιι.
1209 3314 1294 3387 2.)
1352 3314 1410 3366 id
1457 3314 1504 3367 ei
1565 3309 1958 3374 succensendum
2017 3308 2195 3380 putet?

339 3400 530 3456 Nonne
576 3403 866 3476 disciplinae
914 3402 1182 3456 consensio
1232 3403 1295 3455 ad
1354 3399 1672 3455 muniendam
1731 3397 1929 3470 ipsam
1951 3396 2197 3449 unitatem

342 3489 703 3544 communionis
752 3501 804 3544 et
859 3490 971 3544 fidei
1023 3489 1319 3561 conspirat?
1394 3486 1583 3540 Mune
1644 3496 1866 3558 praeter
1892 3473 2196 3539 universalis
