2326 3854
711 222 1307 278 m-65-s

112 389 231 440 haec
270 397 383 438 sunt
420 387 470 439 in
510 405 610 439 rem
649 397 984 458 praesentem,
1023 386 1074 437 in
1113 405 1205 454 qua
1244 403 1340 436 non
1379 386 1437 436 de
1475 385 1695 454 potentia
1730 386 1908 437 virium

111 473 476 543 corporalium,
516 471 817 547 aliorumque
873 471 1100 522 similium
1156 470 1344 540 agitur,
1409 468 1494 520 sed
1549 469 1607 520 de
1662 478 1908 538 potestate

107 557 415 609 auctoritatis
460 566 605 625 atque
643 555 1002 625 jurisdictionis
1058 554 1241 607 nemini
1263 553 1306 622 ¹)
1364 552 1708 617 subordinata,
1765 563 1910 622 atque

110 659 351 714 suprema,
390 659 484 710 qua
521 641 604 709 qui
640 639 817 691 fruitur
844 639 894 690 in
934 638 1155 706 singulos
1182 637 1513 701 distributive,
1546 638 1724 689 fruitur
1761 639 1908 690 etiam

110 718 363 779 collective
410 725 461 775 in
510 741 707 786 omneS‚
764 741 871 774 cum
922 741 1033 774 non·
1067 733 1166 774 tam
1215 722 1448 792 singuliS,
1495 741 1636 791 quam
1685 723 1909 793 omnihus

99 811 442 880 jurisdictione
489 807 693 878 praesit.
768 807 843 859 lta
880 805 1121 858 Dominus
1171 825 1269 858 non
1320 817 1417 857 tam
1465 807 1518 857 iu
1565 807 1785 876 singulos
1823 807 1911 859 ali-

108 897 243 964 cujus
279 893 494 946 familiae
532 892 789 956 homineS,
831 910 974 960 quam
1019 891 1069 942 in
1119 909 1290 944 omnes
1329 892 1581 944 collective
1610 894 1693 961 jus
1732 893 1909 957 habet,

106 978 225 1030 Rex
263 996 363 1029 non
397 987 498 1029 tam
534 977 586 1027 in
624 977 862 1047 singuIOS,
902 994 1056 1045 quam>
1083 975 1133 1026 in
1160 995 1331 1029 omnes
1370 977 1445 1027 sui
1482 977 1626 1046 regni
1663 977 1910 1043 subditos3

103 1072 244 1133 pater
280 1081 381 1114 non
418 1062 576 1114 minus
613 1062 663 1112 in
702 1062 940 1130 singulos,
979 1079 1122 1129 quam
1158 1061 1210 1112 in
1248 1056 1419 1113 omnes
1457 1061 1581 1112 filios
1619 1071 1713 1113 etc.
1754 1081 1913 1131 neque

104 1149 255 1199 ullum
293 1148 566 1219 reperietur
604 1147 897 1217 exemplum,
937 1163 1032 1214 quo
1057 1145 1118 1211 is,
1159 1146 1244 1213 qui
1268 1146 1611 1220 auctoritatem
1650 1165 1737 1198 seu
1757 1148 1913 1216 juris->—

106 1233 366 1286 dictionem
421 1233 567 1284 habet
612 1232 664 1282 in
710 1231 960 1300 singulOS,
1008 1247 1109 1281 non
1149 1230 1326 1281 haheat
1375 1229 1521 1281 etiam
1573 1230 1826 1283 collective
1862 1232 1913 1282 in

104 1337 293 1370 omnes.
369 1314 620 1383 Quomodo
657 1316 810 1386 igitur
855 1316 980 1367 haec
1028 1314 1276 1366 distinctio
1315 1315 1599 1365 adstruatur
1636 1315 1688 1367 in
1726 1334 1913 1367 summo

104 1401 364 1466 Pontifice‚
403 1401 485 1470 qui
519 1402 570 1455 vi
607 1402 846 1471 primatus
883 1399 1149 1453 universae
1185 1399 1438 1451 Ecclesiae
1475 1401 1785 1470 praepositus
1824 1401 1915 1453 fuit

105 1506 133 1539 a
171 1485 390 1551 Christ0‚
424 1496 480 1538 'et
515 1486 566 1537 in
604 1486 807 1537 unitatis
844 1486 1026 1555 honum
1061 1485 1132 1536 ita
1167 1484 1491 1555 praepositus,
1530 1495 1583 1535 ut
1621 1485 1717 1536 nisi
1743 1504 1913 1538 omnes

106 1571 359 1623 collective
396 1581 566 1641 posset
603 1588 782 1639 cogere
821 1570 881 1621 ad
922 1589 1007 1633 ea,
1048 1588 1171 1638 quae
1208 1570 1423 1620 omnium
1460 1569 1696 1621 unitatem
1736 1567 1912 1623 Eccle-

109 1656 214 1708 siae
251 1655 583 1708 necessariam
630 1655 925 1725 respiciunt,
974 1654 1021 1704 id
1071 1664 1148 1706 est
1197 1655 1258 1706 ad
1302 1655 1412 1707 fidei
1459 1665 1508 1706 et
1558 1655 1914 1707 communionis

106 1741 373 1804 unitatem,
411 1726 577 1792 inanis
611 1749 660 1790 et
695 1739 929 1791 inefficax
967 1749 1102 1791 esset
1138 1739 1408 1791 auctoritas
1448 1737 1734 1808 Christique
1771 1740 1916 1792 insti-

105 1825 266 1877 tutio?
325 1823 413 1875 Ex
450 1825 540 1876 hac
577 1833 739 1876 autem
778 1823 1043 1876 Pon'tificia
1079 1833 1324 1894 potestate
1362 1823 1414 1874 in
1452 1835 1622 1876 omnes
1660 1824 1914 1878 collective

106 1911 166 1962 ob
205 1907 442 1962 unitatem
482 1909 833 1961 communionis
874 1919 923 1961 et
960 1908 1070 1960 fidei
1105 1909 1343 1979 profluit,
1377 1918 1431 1959 ut
1471 1908 1583 1960 alibi
1620 1909 1913 1973 monuimus,

103 1989 186 2046 illa
225 2012 452 2065 suprema
489 2002 540 2045 et
574 1992 857 2063 plenissima
895 1993 1236 2046 Romanorum
1275 1992 1568 2046 Pontificum
1606 2004 1827 2064 potestas
1862 1996 1913 2046 in

233 2161 266 2214 ¹)
299 2164 578 2215 Excipiendus
611 2165 771 2214 quidem
794 2169 904 2205 esset
927 2178 1068 2212 casm,
1105 2178 1182 2217 quo
1217 2168 1306 2217 quis
1328 2179 1350 2204 a
1375 2179 1471 2205 suae
1504 2167 1724 2216 potestatis
1747 2170 1915 2205 auctore

108 2224 168 2262 ita
206 2223 465 2273 praepositus
504 2226 615 2263 esset
653 2224 824 2273 singulis
865 2225 1032 2275 aliquus
1071 2226 1355 2274 magistratus,
1397 2225 1461 2263 vel
1503 2226 1827 2276 communitatis,
1871 2227 1916 2262 ut

108 2282 280 2319 omnium
312 2281 546 2328 collectioni
578 2280 865 2320 subordinatus
896 2283 1055 2322 fuisset.
1097 2284 1194 2326 Quis
1226 2287 1362 2322 autem
1395 2283 1470 2321 hoc
1503 2283 1553 2321 de
1585 2285 1629 2323 S.
1664 2284 1813 2330 Petro,
1844 2287 1913 2321 aut

108 2340 156 2377 de
187 2339 382 2385 Romanis
414 2337 682 2377 Pontificibus
712 2340 970 2390 suspicetur?
1024 2342 1067 2379 S.
1099 2342 1262 2391 Petrus,
1297 2342 1363 2391 qui
1398 2352 1477 2378 non
1510 2341 1560 2379 ab
1592 2341 1807 2385 Ecclesia,
1842 2341 1915 2379 scd

107 2410 131 2435 a
163 2397 326 2436 Christo
358 2397 572 2439 institutus
603 2397 680 2443 fuit
712 2399 994 2447 Apostolorum
1024 2400 1215 2450 princeps
1241 2401 1333 2449 Jure
1363 2400 1563 2448 primatus
1594 2399 1645 2436 ob
1679 2399 1914 2453 custodien-

108 2457 198 2494 dam
241 2456 367 2493 totius
405 2455 620 2494 Ecclesiae
663 2456 883 2503 unitatem,
919 2458 989 2507 Jus
1028 2469 1108 2496 non
1149 2460 1234 2496 tam
1274 2458 1315 2495 in
1348 2457 1571 2510 Apostolos
1601 2457 1807 2506 singulos,
1847 2458 1915 2507 qui

106 2515 228 2552 Petro
263 2515 379 2551 erant
408 2512 666 2551 subordinati
699 2526 749 2552 ex
781 2526 871 2565 cap.
905 2517 943 2555 1.
979 2512 1014 2566 §.
1037 2516 1077 2554 3.
1110 2519 1193 2555 not.
1212 2516 1269 2561 3.,
1306 2519 1424 2565 quain
1456 2516 1496 2553 in
1529 2527 1666 2553 omnes
1700 2515 1916 2553 collective

106 2573 283 2611 obtinuit
328 2571 480 2622 (super
519 2583 661 2611 omnes
692 2573 784 2611 sine
814 2574 1102 2620 restrictione,
1146 2574 1278 2623 inquit
1307 2575 1532 2613 Bossuetus
1568 2574 1754 2611 laudatus
1794 2585 1916 2624 supra

106 2643 141 2671 c.
173 2631 214 2672 3.
246 2641 284 2669 n.
315 2627 400 2678 2.):
434 2630 694 2668 et‘similiter
726 2631 939 2673 dicendum
971 2632 1023 2670 de
1052 2631 1324 2671 Pontificibus
1354 2632 1570 2677 Romani-⁶„
1617 2633 1684 2682 qui
1726 2633 1767 2669 in
1807 2633 1916 2670 idem

99 2690 168 2737 jus
198 2689 395 2738 primatus
427 2687 664 2726 succedunt.
723 2686 884 2728 Bonum
925 2691 1029 2729 enim
1071 2691 1265 2736 unitatis,
1314 2690 1364 2729 ob
1405 2702 1523 2739 quam
1562 2691 1799 2740 jurisdictio
1834 2691 1915 2740 pri·

108 2749 241 2784 matus
270 2746 369 2795 ipsi,
402 2747 568 2795 ejusque
600 2748 908 2786 successoribus
941 2749 1097 2788 tradita
1126 2749 1231 2795 fuit,
1275 2749 1490 2800 exigebat,
1520 2752 1566 2786 ut
1600 2750 1666 2799 qui
1697 2749 1747 2787 ob
1782 2753 1917 2787 custo-

108 2803 297 2842 diendam
329 2804 528 2842 unitatem
560 2805 742 2843 omnibus
781 2805 955 2845 fuissent
983 2808 1238 2858 praepositi,
1272 2807 1370 2845 nulli
1401 2807 1600 2857 ipsorum,
1634 2819 1709 2845 nec
1742 2808 1917 2846 omnium

110 2862 339 2906 collectioni
371 2865 510 2899 essent
541 2861 821 2909 subm-dinanzi,
858 2875 910 2902 ne
948 2865 1080 2904 facilis
1124 2865 1307 2903 dissidiis
1349 2866 1484 2904 aditus
1515 2869 1705 2915 pateret:
1744 2877 1847 2914 quae
1880 2866 1915 2902 si

109 2931 183 2958 sua
214 2919 461 2957 anctoritate
494 2919 563 2957 ille
603 2931 683 2958 non
715 2921 855 2972 posset
901 2934 1169 2972 componere,
1209 2935 1351 2962 munus
1393 2924 1566 2963 unitatis
1610 2923 1917 2962 conservandae

109 2979 186 3017 sibi
227 2977 481 3016 commissum
527 2977 689 3016 defectu
729 2980 949 3027 potestatis
987 2981 1042 3019 ad
1081 2981 1124 3019 id
1164 2980 1406 3020 sufficientis
1444 2992 1528 3020 non
1562 2982 1702 3032 posset
1734 2982 1915 3032 implere.

106 3036 377 3091 Romanorum
408 3034 651 3074 Pontificum
690 3039 940 3086 potestatem
978 3039 1018 3076 in
1065 3037 1346 3089 spiritualibus
1390 3050 1480 3077 cum
1519 3051 1762 3089 supremam
1792 3042 1916 3077 vocat

107 3094 352 3133 Triden-tina
392 3093 569 3144 synodus
612 3105 661 3132 ex
703 3094 927 3133 traditione
957 3097 1148 3147 Patrum,
1195 3097 1263 3146 qui
1305 3109 1378 3136 eos
1416 3098 1676 3147 praepositos
1713 3096 1918 3135 affirmant

113 3150 458 3192 UNIVERSAE
482 3150 840 3203 ECCLESIAE,
876 3154 1206 3203 Jurisdictionem
1236 3155 1497 3208 Pontificiam
1529 3155 1688 3204 ,nemini
1731 3154 1919 3192 subordi-

108 3212 245 3248 natam
275 3209 478 3255 declarat,
521 3213 570 3248 a'c
610 3211 782 3260 proinde
816 3212 1002 3249 omnibns
1046 3213 1174 3251 etiam
1214 3212 1427 3250 collective
1466 3212 1637 3261 sumptis
1668 3213 1918 3262 superiorem

109 3265 338 3317 significat:
385 3279 519 3318 neque
561 3268 774 3312 distinctio
802 3270 1043 3319 antiquitati
1085 3271 1226 3319 ignota
1268 3270 1377 3308 inter
1408 3269 1712 3308 distributivum
1757 3274 1799 3309 et
1831 3271 1917 3310 col-

108 3326 302 3364 lectivum
326 3324 408 3379 ‘hac
437 3328 479 3365 in
508 3327 684 3366 materia
714 3327 852 3380 induci
883 3329 1044 3379 coepit,
1092 3328 1168 3366 nisi
1207 3331 1423 3378 postquam
1456 3328 1506 3366 ob
1537 3329 1758 3367 remedium
1789 3330 1916 3379 perti-

109 3383 315 3422 nacissimi
347 3381 576 3439 schismatis
607 3386 882 3436 necessarium
913 3387 1043 3424 visum
1076 3390 1139 3425 est
1170 3386 1328 3424 illorum
1361 3389 1606 3436 potestatem
1637 3387 1810 3427 concilio
1843 3399 1916 3436 ge-

111 3442 237 3480 nerali
270 3441 490 3489 subjicere:
523 3440 633 3491 quod
663 3438 779 3493 quain
810 3445 864 3482 sit
897 3444 1093 3483 infirmum
1125 3456 1175 3483 ex
1207 3445 1471 3494 sequentibus
1504 3444 1687 3494 patefiet.

174 3517 216 3550 P.
248 3516 395 3549 Ballcr.
429 3515 476 3548 de
509 3517 708 3562 Potestate
739 3520 812 3555 etc.
1539 3514 1570 3563 5
