<?xml version="1.0" encoding="UTF-8"?>
<!DOCTYPE html PUBLIC "-//W3C//DTD XHTML 1.0 Transitional//EN"
    "http://www.w3.org/TR/xhtml1/DTD/xhtml1-transitional.dtd">
<html xmlns="http://www.w3.org/1999/xhtml" xml:lang="en" lang="en">
 <head>
  <title>
</title>
<meta http-equiv="Content-Type" content="text/html;charset=utf-8" />
  <meta name='ocr-system' content='tesseract 3.04.00' />
  <meta name='ocr-capabilities' content='ocr_page ocr_carea ocr_par ocr_line ocrx_word'/>
</head>
<body>
  <div class='ocr_page' id='page_1' title='image "./ra546170800balluoft_0243.png"; bbox 0 0 2326 3854; ppageno 0'>
   <div class='ocr_carea' id='block_1_1' title="bbox 663 256 1306 312">
    <p class='ocr_par' dir='ltr' id='par_1_1' title="bbox 663 256 1306 312">
     <span class='ocr_line' id='line_1_1' title="bbox 663 256 1306 312; baseline 0.003 -2"><span class='ocrx_word' id='word_1_1' title='bbox 663 256 1306 312; x_wconf 73' lang='lat'>——177—</span> 
     </span>
    </p>
   </div>
   <div class='ocr_carea' id='block_1_2' title="bbox 69 414 1931 3471">
    <p class='ocr_par' dir='ltr' id='par_1_2' title="bbox 69 414 1931 3043">
     <span class='ocr_line' id='line_1_2' title="bbox 69 414 1883 491; baseline -0.004 -17"><span class='ocrx_word' id='word_1_2' title='bbox 69 421 453 476; x_wconf 88' lang='lat' dir='ltr'><strong>Ecclesiasticae</strong></span> <span class='ocrx_word' id='word_1_3' title='bbox 500 419 734 491; x_wconf 84' lang='lat' dir='ltr'><strong>potestati</strong></span> <span class='ocrx_word' id='word_1_4' title='bbox 783 438 839 473; x_wconf 88' lang='lat' dir='ltr'><strong>ae</strong></span> <span class='ocrx_word' id='word_1_5' title='bbox 877 418 1188 491; x_wconf 78' lang='lat' dir='ltr'><strong>dispositioni</strong></span> <span class='ocrx_word' id='word_1_6' title='bbox 1226 414 1616 470; x_wconf 87' lang='lat' dir='ltr'><strong>constituendam</strong></span> <span class='ocrx_word' id='word_1_7' title='bbox 1653 414 1883 483; x_wconf 67' lang='lat' dir='ltr'><strong>reliquit,</strong></span> 
     </span>
     <span class='ocr_line' id='line_1_3' title="bbox 72 497 1887 576; baseline -0.006 -17"><span class='ocrx_word' id='word_1_8' title='bbox 72 509 131 560; x_wconf 89' lang='lat' dir='ltr'><strong>de</strong></span> <span class='ocrx_word' id='word_1_9' title='bbox 169 526 224 560; x_wconf 91' lang='lat' dir='ltr'><strong>re</strong></span> <span class='ocrx_word' id='word_1_10' title='bbox 260 507 534 576; x_wconf 87' lang='lat' dir='ltr'><strong>loquimur,</strong></span> <span class='ocrx_word' id='word_1_11' title='bbox 581 523 708 574; x_wconf 88' lang='lat' dir='ltr'><strong>quae</strong></span> <span class='ocrx_word' id='word_1_12' title='bbox 757 506 850 557; x_wconf 89' lang='lat' dir='ltr'><strong>etsi</strong></span> <span class='ocrx_word' id='word_1_13' title='bbox 897 505 1055 574; x_wconf 91' lang='lat' dir='ltr'><strong>quoad</strong></span> <span class='ocrx_word' id='word_1_14' title='bbox 1093 512 1390 575; x_wconf 83' lang='lat' dir='ltr'><strong>potestatem</strong></span> <span class='ocrx_word' id='word_1_15' title='bbox 1437 519 1466 552; x_wconf 90' lang='lat' dir='ltr'><strong>a</strong></span> <span class='ocrx_word' id='word_1_16' title='bbox 1504 497 1704 553; x_wconf 88' lang='lat' dir='ltr'><strong>Christo</strong></span> <span class='ocrx_word' id='word_1_17' title='bbox 1743 500 1887 550; x_wconf 85' lang='lat' dir='ltr'><strong>insti-</strong></span> 
     </span>
     <span class='ocr_line' id='line_1_4' title="bbox 70 585 1886 660; baseline -0.005 -15"><span class='ocrx_word' id='word_1_18' title='bbox 70 603 227 645; x_wconf 81' lang='lat' dir='ltr'><strong>tutam</strong></span> <span class='ocrx_word' id='word_1_19' title='bbox 264 593 316 644; x_wconf 91' lang='lat' dir='ltr'><strong>in</strong></span> <span class='ocrx_word' id='word_1_20' title='bbox 353 591 654 644; x_wconf 89' lang='lat' dir='ltr'><strong>instituendo</strong></span> <span class='ocrx_word' id='word_1_21' title='bbox 691 590 986 660; x_wconf 80' lang='lat' dir='ltr'>praecipuae</span> <span class='ocrx_word' id='word_1_22' title='bbox 1015 588 1378 660; x_wconf 87' lang='lat' dir='ltr'><strong>jurisdictionis</strong></span> <span class='ocrx_word' id='word_1_23' title='bbox 1423 586 1665 658; x_wconf 84' lang='lat' dir='ltr'><strong>primatu,</strong></span> <span class='ocrx_word' id='word_1_24' title='bbox 1716 586 1774 636; x_wconf 91' lang='lat' dir='ltr'><strong>ad</strong></span> <span class='ocrx_word' id='word_1_25' title='bbox 1813 585 1886 636; x_wconf 87' lang='lat' dir='ltr'><strong>di-</strong></span> 
     </span>
     <span class='ocr_line' id='line_1_5' title="bbox 70 669 1884 757; baseline -0.005 -26"><span class='ocrx_word' id='word_1_26' title='bbox 70 679 237 732; x_wconf 91' lang='lat' dir='ltr'><strong>vinum</strong></span> <span class='ocrx_word' id='word_1_27' title='bbox 267 681 352 748; x_wconf 86' lang='lat' dir='ltr'><strong>jus</strong></span> <span class='ocrx_word' id='word_1_28' title='bbox 392 687 445 730; x_wconf 92' lang='lat' dir='ltr'><strong>et</strong></span> <span class='ocrx_word' id='word_1_29' title='bbox 487 676 549 728; x_wconf 84' lang='lat' dir='ltr'><strong>ad</strong></span> <span class='ocrx_word' id='word_1_30' title='bbox 592 675 703 728; x_wconf 85' lang='lat' dir='ltr'><strong>fidei</strong></span> <span class='ocrx_word' id='word_1_31' title='bbox 742 674 1000 743; x_wconf 51' lang='lat' dir='ltr'><strong>¹‚negotium</strong></span> <span class='ocrx_word' id='word_1_32' title='bbox 1050 674 1350 725; x_wconf 79' lang='lat' dir='ltr'><strong>immutabile</strong></span> <span class='ocrx_word' id='word_1_33' title='bbox 1396 672 1669 757; x_wconf 70' lang='lat' dir='ltr'><strong>pertineat,</strong></span> <span class='ocrx_word' id='word_1_34' title='bbox 1712 669 1884 739; x_wconf 61' lang='lat' dir='ltr'><strong>&gt;quoad</strong></span> 
     </span>
     <span class='ocr_line' id='line_1_6' title="bbox 71 755 1882 831; baseline -0.004 -17"><span class='ocrx_word' id='word_1_35' title='bbox 71 781 212 815; x_wconf 88' lang='lat' dir='ltr'><strong>usum</strong></span> <span class='ocrx_word' id='word_1_36' title='bbox 248 773 416 816; x_wconf 88' lang='lat' dir='ltr'><strong>tamen</strong></span> <span class='ocrx_word' id='word_1_37' title='bbox 451 760 606 831; x_wconf 87' lang='lat' dir='ltr'><strong>ipsius</strong></span> <span class='ocrx_word' id='word_1_38' title='bbox 642 759 922 830; x_wconf 81' lang='lat' dir='ltr'><strong>potestatis,</strong></span> <span class='ocrx_word' id='word_1_39' title='bbox 962 776 1049 810; x_wconf 88' lang='lat' dir='ltr'><strong>seu</strong></span> <span class='ocrx_word' id='word_1_40' title='bbox 1086 760 1244 827; x_wconf 90' lang='lat' dir='ltr'><strong>quoad</strong></span> <span class='ocrx_word' id='word_1_41' title='bbox 1270 759 1507 812; x_wconf 77' lang='lat' dir='ltr'><strong>actualem</strong></span> <span class='ocrx_word' id='word_1_42' title='bbox 1545 755 1882 809; x_wconf 88' lang='lat' dir='ltr'><strong>limitationem</strong></span> 
     </span>
     <span class='ocr_line' id='line_1_7' title="bbox 70 842 1884 915; baseline -0.004 -15"><span class='ocrx_word' id='word_1_43' title='bbox 70 848 549 914; x_wconf 79' lang='lat' dir='ltr'><strong>moderationemque</strong></span> <span class='ocrx_word' id='word_1_44' title='bbox 591 859 778 896; x_wconf 71' lang='lat' dir='ltr'><strong>,earum</strong></span> <span class='ocrx_word' id='word_1_45' title='bbox 835 845 1122 896; x_wconf 76' lang='lat' dir='ltr'><strong>facultatum</strong></span> <span class='ocrx_word' id='word_1_46' title='bbox 1179 843 1571 915; x_wconf 29' lang='lat' dir='ltr'><strong>Episcopalium·</strong></span> <span class='ocrx_word' id='word_1_47' title='bbox 1602 842 1754 895; x_wconf 89' lang='lat' dir='ltr'><strong>certis</strong></span> <span class='ocrx_word' id='word_1_48' title='bbox 1816 860 1884 895; x_wconf 76' lang='lat' dir='ltr'><strong>ex</strong></span> 
     </span>
     <span class='ocr_line' id='line_1_8' title="bbox 71 927 1884 1000; baseline -0.003 -15"><span class='ocrx_word' id='word_1_49' title='bbox 71 934 234 986; x_wconf 86' lang='lat' dir='ltr'><strong>cau-sis</strong></span> <span class='ocrx_word' id='word_1_50' title='bbox 287 932 558 985; x_wconf 86' lang='lat' dir='ltr'><strong>faciendam</strong></span> <span class='ocrx_word' id='word_1_51' title='bbox 610 931 692 984; x_wconf 88' lang='lat' dir='ltr'><strong>vel</strong></span> <span class='ocrx_word' id='word_1_52' title='bbox 745 930 1093 994; x_wconf 89' lang='lat' dir='ltr'><strong>omittendam,</strong></span> <span class='ocrx_word' id='word_1_53' title='bbox 1155 939 1347 1000; x_wconf 90' lang='lat' dir='ltr'><strong>spectat</strong></span> <span class='ocrx_word' id='word_1_54' title='bbox 1402 929 1463 981; x_wconf 90' lang='lat' dir='ltr'><strong>ad</strong></span> <span class='ocrx_word' id='word_1_55' title='bbox 1515 927 1884 999; x_wconf 87' lang='lat' dir='ltr'><strong>dispositionem</strong></span> 
     </span>
     <span class='ocr_line' id='line_1_9' title="bbox 70 1012 1887 1084; baseline -0.001 -16"><span class='ocrx_word' id='word_1_56' title='bbox 70 1016 475 1071; x_wconf 86' lang='lat' dir='ltr'><strong>Ecclesiasticam</strong></span> <span class='ocrx_word' id='word_1_57' title='bbox 515 1026 565 1068; x_wconf 94' lang='lat' dir='ltr'><strong>et</strong></span> <span class='ocrx_word' id='word_1_58' title='bbox 613 1015 673 1067; x_wconf 90' lang='lat' dir='ltr'><strong>ad</strong></span> <span class='ocrx_word' id='word_1_59' title='bbox 723 1016 981 1068; x_wconf 80' lang='lat' dir='ltr'><strong>materiam</strong></span> <span class='ocrx_word' id='word_1_60' title='bbox 1026 1014 1274 1067; x_wconf 84' lang='lat' dir='ltr'><strong>mutabilis</strong></span> <span class='ocrx_word' id='word_1_61' title='bbox 1323 1013 1628 1084; x_wconf 88' lang='lat' dir='ltr'><strong>disciplinae.</strong></span> <span class='ocrx_word' id='word_1_62' title='bbox 1701 1012 1758 1064; x_wconf 89' lang='lat' dir='ltr'><strong>In</strong></span> <span class='ocrx_word' id='word_1_63' title='bbox 1797 1014 1887 1067; x_wconf 89' lang='lat' dir='ltr'><strong>hac</strong></span> 
     </span>
     <span class='ocr_line' id='line_1_10' title="bbox 73 1099 1886 1171; baseline -0.002 -15"><span class='ocrx_word' id='word_1_64' title='bbox 73 1113 237 1156; x_wconf 89' lang='lat' dir='ltr'><strong>autem</strong></span> <span class='ocrx_word' id='word_1_65' title='bbox 274 1103 511 1167; x_wconf 84' lang='lat' dir='ltr'><strong>materia,</strong></span> <span class='ocrx_word' id='word_1_66' title='bbox 560 1102 613 1153; x_wconf 91' lang='lat' dir='ltr'><strong>in</strong></span> <span class='ocrx_word' id='word_1_67' title='bbox 660 1118 758 1170; x_wconf 85' lang='lat' dir='ltr'><strong>qua</strong></span> <span class='ocrx_word' id='word_1_68' title='bbox 804 1101 925 1152; x_wconf 90' lang='lat' dir='ltr'><strong>nihil</strong></span> <span class='ocrx_word' id='word_1_69' title='bbox 973 1119 1062 1171; x_wconf 91' lang='lat' dir='ltr'><strong>per</strong></span> <span class='ocrx_word' id='word_1_70' title='bbox 1099 1104 1154 1152; x_wconf 85' lang='lat' dir='ltr'><strong>se</strong></span> <span class='ocrx_word' id='word_1_71' title='bbox 1197 1099 1411 1151; x_wconf 86' lang='lat' dir='ltr'><strong>naturali</strong></span> <span class='ocrx_word' id='word_1_72' title='bbox 1459 1109 1541 1150; x_wconf 91' lang='lat' dir='ltr'><strong>aut</strong></span> <span class='ocrx_word' id='word_1_73' title='bbox 1577 1099 1741 1154; x_wconf 88' lang='lat' dir='ltr'><strong>divino</strong></span> <span class='ocrx_word' id='word_1_74' title='bbox 1772 1102 1886 1170; x_wconf 86' lang='lat' dir='ltr'><strong>jure</strong></span> 
     </span>
     <span class='ocr_line' id='line_1_11' title="bbox 71 1183 1883 1259; baseline -0.001 -19"><span class='ocrx_word' id='word_1_75' title='bbox 71 1188 428 1259; x_wconf 89' lang='lat' dir='ltr'><strong>praescriptum</strong></span> <span class='ocrx_word' id='word_1_76' title='bbox 465 1196 550 1238; x_wconf 86' lang='lat' dir='ltr'><strong>aut</strong></span> <span class='ocrx_word' id='word_1_77' title='bbox 586 1186 792 1240; x_wconf 87' lang='lat' dir='ltr'><strong>vetitum</strong></span> <span class='ocrx_word' id='word_1_78' title='bbox 831 1195 938 1250; x_wconf 87' lang='lat' dir='ltr'><strong>est,</strong></span> <span class='ocrx_word' id='word_1_79' title='bbox 977 1186 1136 1237; x_wconf 88' lang='lat' dir='ltr'><strong>omnis</strong></span> <span class='ocrx_word' id='word_1_80' title='bbox 1172 1183 1529 1236; x_wconf 86' lang='lat' dir='ltr'><strong>Ecclesiastica</strong></span> <span class='ocrx_word' id='word_1_81' title='bbox 1564 1195 1787 1254; x_wconf 89' lang='lat' dir='ltr'><strong>potestas</strong></span> <span class='ocrx_word' id='word_1_82' title='bbox 1825 1205 1883 1239; x_wconf 87' lang='lat' dir='ltr'><strong>ea</strong></span> 
     </span>
     <span class='ocr_line' id='line_1_12' title="bbox 73 1264 1885 1341; baseline -0.002 -15"><span class='ocrx_word' id='word_1_83' title='bbox 73 1274 352 1326; x_wconf 89' lang='lat' dir='ltr'><strong>conditione</strong></span> <span class='ocrx_word' id='word_1_84' title='bbox 400 1272 725 1341; x_wconf 82' lang='lat' dir='ltr'><strong>adstringitur</strong></span> <span class='ocrx_word' id='word_1_85' title='bbox 764 1273 829 1323; x_wconf 87' lang='lat' dir='ltr'><strong>ab</strong></span> <span class='ocrx_word' id='word_1_86' title='bbox 855 1268 984 1341; x_wconf 69' lang='lat' dir='ltr'><strong>&#39;ipso</strong></span> <span class='ocrx_word' id='word_1_87' title='bbox 1022 1269 1133 1322; x_wconf 92' lang='lat' dir='ltr'><strong>Deo</strong></span> <span class='ocrx_word' id='word_1_88' title='bbox 1180 1269 1472 1340; x_wconf 76' lang='lat' dir='ltr'><strong>praefinita,</strong></span> <span class='ocrx_word' id='word_1_89' title='bbox 1519 1264 1576 1319; x_wconf 47' lang='lat' dir='ltr'><strong>&#39;ut</strong></span> <span class='ocrx_word' id='word_1_90' title='bbox 1623 1269 1743 1321; x_wconf 87' lang='lat' dir='ltr'><strong>nihil</strong></span> <span class='ocrx_word' id='word_1_91' title='bbox 1781 1280 1885 1322; x_wconf 90' lang='lat' dir='ltr'><strong>sta-</strong></span> 
     </span>
     <span class='ocr_line' id='line_1_13' title="bbox 71 1354 1886 1428; baseline -0.002 -18"><span class='ocrx_word' id='word_1_92' title='bbox 71 1368 196 1422; x_wconf 87' lang='lat' dir='ltr'><strong>tuat,</strong></span> <span class='ocrx_word' id='word_1_93' title='bbox 234 1357 520 1428; x_wconf 87' lang='lat' dir='ltr'><strong>praecipiat,</strong></span> <span class='ocrx_word' id='word_1_94' title='bbox 555 1366 693 1411; x_wconf 87' lang='lat' dir='ltr'><strong>vetet</strong></span> <span class='ocrx_word' id='word_1_95' title='bbox 730 1365 1006 1423; x_wconf 86' lang='lat' dir='ltr'><strong>mutetque,</strong></span> <span class='ocrx_word' id='word_1_96' title='bbox 1044 1354 1140 1406; x_wconf 88' lang='lat' dir='ltr'><strong>nisi</strong></span> <span class='ocrx_word' id='word_1_97' title='bbox 1178 1355 1305 1424; x_wconf 91' lang='lat' dir='ltr'><strong>quod</strong></span> <span class='ocrx_word' id='word_1_98' title='bbox 1339 1354 1390 1406; x_wconf 88' lang='lat' dir='ltr'><strong>in</strong></span> <span class='ocrx_word' id='word_1_99' title='bbox 1427 1354 1683 1408; x_wconf 84' lang='lat' dir='ltr'><strong>Ecclesiae</strong></span> <span class='ocrx_word' id='word_1_100' title='bbox 1721 1356 1886 1408; x_wconf 86' lang='lat' dir='ltr'><strong>aedifi-</strong></span> 
     </span>
     <span class='ocr_line' id='line_1_14' title="bbox 73 1439 1888 1512; baseline -0.001 -17"><span class='ocrx_word' id='word_1_101' title='bbox 73 1443 314 1495; x_wconf 88' lang='lat' dir='ltr'><strong>cationem</strong></span> <span class='ocrx_word' id='word_1_102' title='bbox 353 1442 435 1495; x_wconf 87' lang='lat' dir='ltr'><strong>sit.</strong></span> <span class='ocrx_word' id='word_1_103' title='bbox 506 1441 666 1512; x_wconf 83' lang='lat' dir='ltr'><strong>Igitur</strong></span> <span class='ocrx_word' id='word_1_104' title='bbox 701 1450 808 1493; x_wconf 90' lang='lat' dir='ltr'><strong>tota</strong></span> <span class='ocrx_word' id='word_1_105' title='bbox 845 1439 1070 1508; x_wconf 85' lang='lat' dir='ltr'><strong>quaestio</strong></span> <span class='ocrx_word' id='word_1_106' title='bbox 1107 1440 1166 1491; x_wconf 90' lang='lat' dir='ltr'><strong>de</strong></span> <span class='ocrx_word' id='word_1_107' title='bbox 1203 1449 1466 1510; x_wconf 86' lang='lat' dir='ltr'><strong>potestate,</strong></span> <span class='ocrx_word' id='word_1_108' title='bbox 1505 1457 1594 1491; x_wconf 90' lang='lat' dir='ltr'><strong>seu</strong></span> <span class='ocrx_word' id='word_1_109' title='bbox 1629 1441 1792 1510; x_wconf 89' lang='lat' dir='ltr'><strong>potius</strong></span> <span class='ocrx_word' id='word_1_110' title='bbox 1830 1443 1888 1494; x_wconf 89' lang='lat' dir='ltr'><strong>de</strong></span> 
     </span>
     <span class='ocr_line' id='line_1_15' title="bbox 73 1514 1931 1598; baseline 0 -19"><span class='ocrx_word' id='word_1_111' title='bbox 73 1546 164 1580; x_wconf 91' lang='lat' dir='ltr'><strong>usu</strong></span> <span class='ocrx_word' id='word_1_112' title='bbox 199 1528 460 1598; x_wconf 87' lang='lat' dir='ltr'><strong>potestatis</strong></span> <span class='ocrx_word' id='word_1_113' title='bbox 498 1535 797 1580; x_wconf 86' lang='lat' dir='ltr'><strong>summorum</strong></span> <span class='ocrx_word' id='word_1_114' title='bbox 822 1514 1119 1578; x_wconf 83' lang='lat' dir='ltr'><strong>Pontificum</strong></span> <span class='ocrx_word' id='word_1_115' title='bbox 1156 1525 1287 1577; x_wconf 90' lang='lat' dir='ltr'><strong>circa</strong></span> <span class='ocrx_word' id='word_1_116' title='bbox 1327 1523 1686 1586; x_wconf 87' lang='lat' dir='ltr'><strong>limitationem,</strong></span> <span class='ocrx_word' id='word_1_117' title='bbox 1726 1527 1889 1580; x_wconf 88' lang='lat' dir='ltr'><strong>mode·</strong></span> <span class='ocrx_word' id='word_1_118' title='bbox 1920 1578 1931 1589; x_wconf 59' lang='grc'><strong>,</strong></span> 
     </span>
     <span class='ocr_line' id='line_1_16' title="bbox 74 1609 1888 1682; baseline -0.001 -18"><span class='ocrx_word' id='word_1_119' title='bbox 74 1613 314 1680; x_wconf 18' lang='lat' dir='ltr'><strong>ration-em</strong></span> <span class='ocrx_word' id='word_1_120' title='bbox 353 1610 591 1681; x_wconf 82' lang='lat' dir='ltr'><strong>usumque</strong></span> <span class='ocrx_word' id='word_1_121' title='bbox 625 1612 914 1668; x_wconf 85' lang='lat' dir='ltr'><strong>facultatum</strong></span> <span class='ocrx_word' id='word_1_122' title='bbox 949 1609 1332 1682; x_wconf 86' lang='lat' dir='ltr'><strong>Episcopalium,</strong></span> <span class='ocrx_word' id='word_1_123' title='bbox 1371 1611 1429 1663; x_wconf 92' lang='lat' dir='ltr'><strong>de</strong></span> <span class='ocrx_word' id='word_1_124' title='bbox 1467 1610 1643 1679; x_wconf 90' lang='lat' dir='ltr'><strong>quihus</strong></span> <span class='ocrx_word' id='word_1_125' title='bbox 1679 1610 1730 1663; x_wconf 88' lang='lat' dir='ltr'><strong>in</strong></span> <span class='ocrx_word' id='word_1_126' title='bbox 1769 1613 1888 1664; x_wconf 82' lang='lat' dir='ltr'><strong>duo-</strong></span> 
     </span>
     <span class='ocr_line' id='line_1_17' title="bbox 74 1694 1886 1768; baseline 0.001 -19"><span class='ocrx_word' id='word_1_127' title='bbox 74 1699 166 1750; x_wconf 86' lang='lat' dir='ltr'><strong>bus</strong></span> <span class='ocrx_word' id='word_1_128' title='bbox 202 1697 604 1768; x_wconf 88' lang='lat' dir='ltr'><strong>praecedentibus</strong></span> <span class='ocrx_word' id='word_1_129' title='bbox 642 1697 879 1767; x_wconf 89' lang='lat' dir='ltr'><strong>capitibus</strong></span> <span class='ocrx_word' id='word_1_130' title='bbox 917 1696 1263 1761; x_wconf 84' lang='lat' dir='ltr'><strong>disseruimuS,</strong></span> <span class='ocrx_word' id='word_1_131' title='bbox 1313 1696 1405 1748; x_wconf 91' lang='lat' dir='ltr'><strong>huc</strong></span> <span class='ocrx_word' id='word_1_132' title='bbox 1442 1694 1734 1762; x_wconf 87' lang='lat' dir='ltr'><strong>revocatur,</strong></span> <span class='ocrx_word' id='word_1_133' title='bbox 1771 1716 1886 1750; x_wconf 90' lang='lat' dir='ltr'><strong>num</strong></span> 
     </span>
     <span class='ocr_line' id='line_1_18' title="bbox 75 1780 1885 1851; baseline -0.001 -16"><span class='ocrx_word' id='word_1_134' title='bbox 75 1792 126 1835; x_wconf 88' lang='lat' dir='ltr'><strong>et</strong></span> <span class='ocrx_word' id='word_1_135' title='bbox 162 1793 404 1851; x_wconf 88' lang='lat' dir='ltr'><strong>quatenus</strong></span> <span class='ocrx_word' id='word_1_136' title='bbox 443 1798 611 1834; x_wconf 86' lang='lat' dir='ltr'><strong>earum</strong></span> <span class='ocrx_word' id='word_1_137' title='bbox 647 1782 932 1834; x_wconf 87' lang='lat' dir='ltr'><strong>facultatum</strong></span> <span class='ocrx_word' id='word_1_138' title='bbox 969 1780 1222 1845; x_wconf 82' lang='lat' dir='ltr'><strong>limitatio,</strong></span> <span class='ocrx_word' id='word_1_139' title='bbox 1270 1782 1571 1846; x_wconf 85' lang='lat' dir='ltr'><strong>moderatio,</strong></span> <span class='ocrx_word' id='word_1_140' title='bbox 1611 1800 1699 1834; x_wconf 89' lang='lat' dir='ltr'><strong>seu</strong></span> <span class='ocrx_word' id='word_1_141' title='bbox 1737 1783 1885 1835; x_wconf 89' lang='lat' dir='ltr'><strong>etiam</strong></span> 
     </span>
     <span class='ocr_line' id='line_1_19' title="bbox 74 1866 1887 1940; baseline 0.001 -22"><span class='ocrx_word' id='word_1_142' title='bbox 74 1867 355 1931; x_wconf 87' lang='lat' dir='ltr'><strong>restrictio,</strong></span> <span class='ocrx_word' id='word_1_143' title='bbox 407 1877 532 1936; x_wconf 87' lang='lat' dir='ltr'><strong>quae</strong></span> <span class='ocrx_word' id='word_1_144' title='bbox 578 1866 770 1937; x_wconf 77' lang='lat' dir='ltr'><strong>obtinet</strong></span> <span class='ocrx_word' id='word_1_145' title='bbox 807 1885 875 1920; x_wconf 79' lang='lat' dir='ltr'><strong>ex</strong></span> <span class='ocrx_word' id='word_1_146' title='bbox 911 1866 1240 1937; x_wconf 87' lang='lat' dir='ltr'><strong>posteriorum</strong></span> <span class='ocrx_word' id='word_1_147' title='bbox 1290 1876 1565 1938; x_wconf 90' lang='lat' dir='ltr'><strong>temporum</strong></span> <span class='ocrx_word' id='word_1_148' title='bbox 1613 1868 1887 1940; x_wconf 89' lang='lat' dir='ltr'><strong>disciplina,</strong></span> 
     </span>
     <span class='ocr_line' id='line_1_20' title="bbox 76 1947 1886 2022; baseline 0.003 -19"><span class='ocrx_word' id='word_1_149' title='bbox 76 1947 295 2021; x_wconf 80' lang='lat' dir='ltr'><strong>quaeque</strong></span> <span class='ocrx_word' id='word_1_150' title='bbox 334 1947 645 2020; x_wconf 55' lang='lat' dir='ltr'><strong>afebronio</strong></span> <span class='ocrx_word' id='word_1_151' title='bbox 681 1952 733 2004; x_wconf 89' lang='lat' dir='ltr'><strong>in</strong></span> <span class='ocrx_word' id='word_1_152' title='bbox 767 1952 1201 2022; x_wconf 87' lang='lat' dir='ltr'><strong>reprehensionem</strong></span> <span class='ocrx_word' id='word_1_153' title='bbox 1236 1962 1472 2016; x_wconf 89' lang='lat' dir='ltr'><strong>vocatur,</strong></span> <span class='ocrx_word' id='word_1_154' title='bbox 1518 1954 1671 2006; x_wconf 89' lang='lat' dir='ltr'><strong>cedat·</strong></span> <span class='ocrx_word' id='word_1_155' title='bbox 1696 1973 1786 2008; x_wconf 89' lang='lat' dir='ltr'><strong>nec</strong></span> <span class='ocrx_word' id='word_1_156' title='bbox 1823 1973 1886 2008; x_wconf 91' lang='lat' dir='ltr'><strong>ne</strong></span> 
     </span>
     <span class='ocr_line' id='line_1_21' title="bbox 73 2036 1886 2108; baseline 0.002 -21"><span class='ocrx_word' id='word_1_157' title='bbox 73 2037 126 2088; x_wconf 91' lang='lat' dir='ltr'><strong>in</strong></span> <span class='ocrx_word' id='word_1_158' title='bbox 163 2036 548 2090; x_wconf 82' lang='lat' dir='ltr'><strong>aedificationem</strong></span> <span class='ocrx_word' id='word_1_159' title='bbox 584 2036 855 2090; x_wconf 88' lang='lat' dir='ltr'><strong>Ecclesiae.</strong></span> <span class='ocrx_word' id='word_1_160' title='bbox 929 2037 1036 2090; x_wconf 79' lang='lat' dir='ltr'><strong>Ha&#39;c</strong></span> <span class='ocrx_word' id='word_1_161' title='bbox 1071 2037 1495 2108; x_wconf 33' lang='lat' dir='ltr'><strong>novavdisciplina</strong></span> <span class='ocrx_word' id='word_1_162' title='bbox 1531 2049 1752 2092; x_wconf 88' lang='lat' dir='ltr'><strong>veterem</strong></span> <span class='ocrx_word' id='word_1_163' title='bbox 1787 2059 1886 2092; x_wconf 90' lang='lat' dir='ltr'><strong>non</strong></span> 
     </span>
     <span class='ocr_line' id='line_1_22' title="bbox 77 2121 1888 2195; baseline 0.002 -22"><span class='ocrx_word' id='word_1_164' title='bbox 77 2121 327 2175; x_wconf 82' lang='lat' dir='ltr'><strong>modicum</strong></span> <span class='ocrx_word' id='word_1_165' title='bbox 349 2122 502 2176; x_wconf 88' lang='lat' dir='ltr'><strong>fuisse</strong></span> <span class='ocrx_word' id='word_1_166' title='bbox 538 2133 793 2176; x_wconf 83' lang='lat' dir='ltr'><strong>mutatam</strong></span> <span class='ocrx_word' id='word_1_167' title='bbox 815 2123 991 2193; x_wconf 87' lang='lat' dir='ltr'><strong>negari</strong></span> <span class='ocrx_word' id='word_1_168' title='bbox 1035 2141 1134 2176; x_wconf 88' lang='lat' dir='ltr'><strong>non</strong></span> <span class='ocrx_word' id='word_1_169' title='bbox 1179 2132 1358 2194; x_wconf 90' lang='lat' dir='ltr'><strong>potest.</strong></span> <span class='ocrx_word' id='word_1_170' title='bbox 1434 2124 1508 2174; x_wconf 86' lang='lat' dir='ltr'><strong>At</strong></span> <span class='ocrx_word' id='word_1_171' title='bbox 1546 2124 1595 2175; x_wconf 91' lang='lat' dir='ltr'><strong>in</strong></span> <span class='ocrx_word' id='word_1_172' title='bbox 1632 2125 1888 2195; x_wconf 82' lang='lat' dir='ltr'><strong>disciplina</strong></span> 
     </span>
     <span class='ocr_line' id='line_1_23' title="bbox 76 2207 1885 2279; baseline 0.002 -20"><span class='ocrx_word' id='word_1_173' title='bbox 76 2208 298 2260; x_wconf 86' lang='lat' dir='ltr'><strong>mutabili</strong></span> <span class='ocrx_word' id='word_1_174' title='bbox 342 2227 444 2260; x_wconf 85' lang='lat' dir='ltr'><strong>non</strong></span> <span class='ocrx_word' id='word_1_175' title='bbox 490 2216 685 2279; x_wconf 76' lang='lat' dir='ltr'><strong>semp‘er</strong></span> <span class='ocrx_word' id='word_1_176' title='bbox 731 2207 936 2260; x_wconf 89' lang='lat' dir='ltr'><strong>mutatio</strong></span> <span class='ocrx_word' id='word_1_177' title='bbox 987 2218 1036 2260; x_wconf 90' lang='lat' dir='ltr'><strong>et</strong></span> <span class='ocrx_word' id='word_1_178' title='bbox 1085 2209 1398 2277; x_wconf 87' lang='lat' dir='ltr'><strong>antiquorum</strong></span> <span class='ocrx_word' id='word_1_179' title='bbox 1448 2216 1688 2262; x_wconf 86' lang='lat' dir='ltr'><strong>canonum</strong></span> <span class='ocrx_word' id='word_1_180' title='bbox 1741 2210 1885 2263; x_wconf 69' lang='lat' dir='ltr'><strong>dero-</strong></span> 
     </span>
     <span class='ocr_line' id='line_1_24' title="bbox 76 2283 1884 2362; baseline 0.001 -18"><span class='ocrx_word' id='word_1_181' title='bbox 76 2293 210 2362; x_wconf 87' lang='lat' dir='ltr'><strong>gatio</strong></span> <span class='ocrx_word' id='word_1_182' title='bbox 261 2294 320 2345; x_wconf 93' lang='lat' dir='ltr'><strong>ad</strong></span> <span class='ocrx_word' id='word_1_183' title='bbox 366 2283 748 2346; x_wconf 84' lang='lat' dir='ltr'><strong>destructionem</strong></span> <span class='ocrx_word' id='word_1_184' title='bbox 787 2291 1044 2345; x_wconf 86' lang='lat' dir='ltr'><strong>Ecclesiae</strong></span> <span class='ocrx_word' id='word_1_185' title='bbox 1093 2295 1355 2346; x_wconf 87' lang='lat' dir='ltr'><strong>referenda</strong></span> <span class='ocrx_word' id='word_1_186' title='bbox 1405 2304 1511 2359; x_wconf 67' lang='lat' dir='ltr'><strong>est,</strong></span> <span class='ocrx_word' id='word_1_187' title='bbox 1565 2295 1608 2346; x_wconf 91' lang='lat' dir='ltr'><strong>si</strong></span> <span class='ocrx_word' id='word_1_188' title='bbox 1654 2295 1884 2347; x_wconf 87' lang='lat' dir='ltr'><strong>nimirum</strong></span> 
     </span>
     <span class='ocr_line' id='line_1_25' title="bbox 75 2366 1888 2450; baseline 0.001 -21"><span class='ocrx_word' id='word_1_189' title='bbox 75 2378 184 2448; x_wconf 89' lang='lat' dir='ltr'><strong>ipsa</strong></span> <span class='ocrx_word' id='word_1_190' title='bbox 218 2379 421 2430; x_wconf 89' lang='lat' dir='ltr'><strong>mutatio</strong></span> <span class='ocrx_word' id='word_1_191' title='bbox 460 2397 517 2432; x_wconf 88' lang='lat' dir='ltr'><strong>ac</strong></span> <span class='ocrx_word' id='word_1_192' title='bbox 553 2378 828 2449; x_wconf 82' lang='lat' dir='ltr'><strong>derogatio,</strong></span> <span class='ocrx_word' id='word_1_193' title='bbox 862 2366 955 2448; x_wconf 27' lang='lat' dir='ltr'><strong>*pro</strong></span> <span class='ocrx_word' id='word_1_194' title='bbox 992 2378 1238 2431; x_wconf 85' lang='lat' dir='ltr'><strong>varietate</strong></span> <span class='ocrx_word' id='word_1_195' title='bbox 1272 2389 1546 2450; x_wconf 88' lang='lat' dir='ltr'><strong>temporum</strong></span> <span class='ocrx_word' id='word_1_196' title='bbox 1587 2398 1643 2431; x_wconf 89' lang='lat' dir='ltr'><strong>ac</strong></span> <span class='ocrx_word' id='word_1_197' title='bbox 1681 2381 1888 2432; x_wconf 87' lang='lat' dir='ltr'><strong>circum·-</strong></span> 
     </span>
     <span class='ocr_line' id='line_1_26' title="bbox 78 2463 1888 2530; baseline 0.002 -16"><span class='ocrx_word' id='word_1_198' title='bbox 78 2463 390 2528; x_wconf 87' lang='lat' dir='ltr'><strong>stantiarum,</strong></span> <span class='ocrx_word' id='word_1_199' title='bbox 427 2464 480 2515; x_wconf 89' lang='lat' dir='ltr'><strong>in</strong></span> <span class='ocrx_word' id='word_1_200' title='bbox 517 2464 922 2527; x_wconf 86' lang='lat' dir='ltr'><strong>aedificationem,</strong></span> <span class='ocrx_word' id='word_1_201' title='bbox 960 2463 1124 2517; x_wconf 81' lang='lat' dir='ltr'><strong>idest</strong></span> <span class='ocrx_word' id='word_1_202' title='bbox 1158 2464 1209 2516; x_wconf 93' lang='lat' dir='ltr'><strong>in</strong></span> <span class='ocrx_word' id='word_1_203' title='bbox 1247 2466 1445 2529; x_wconf 90' lang='lat' dir='ltr'><strong>bonum,</strong></span> <span class='ocrx_word' id='word_1_204' title='bbox 1487 2465 1765 2530; x_wconf 89' lang='lat' dir='ltr'><strong>utilitatem,</strong></span> <span class='ocrx_word' id='word_1_205' title='bbox 1805 2475 1888 2517; x_wconf 88' lang='lat' dir='ltr'><strong>aut</strong></span> 
     </span>
     <span class='ocr_line' id='line_1_27' title="bbox 76 2547 1888 2622; baseline 0.003 -24"><span class='ocrx_word' id='word_1_206' title='bbox 76 2549 424 2601; x_wconf 87' lang='lat' dir='ltr'><strong>necessitatem</strong></span> <span class='ocrx_word' id='word_1_207' title='bbox 448 2547 704 2612; x_wconf 81' lang='lat' dir='ltr'><strong>Ecclesiae</strong></span> <span class='ocrx_word' id='word_1_208' title='bbox 740 2548 939 2602; x_wconf 88' lang='lat' dir='ltr'><strong>inducta</strong></span> <span class='ocrx_word' id='word_1_209' title='bbox 975 2549 1138 2602; x_wconf 89' lang='lat' dir='ltr'><strong>fuerit.</strong></span> <span class='ocrx_word' id='word_1_210' title='bbox 1190 2549 1267 2602; x_wconf 64' lang='lat' dir='ltr'><strong>&#39;Id</strong></span> <span class='ocrx_word' id='word_1_211' title='bbox 1303 2560 1358 2602; x_wconf 89' lang='lat' dir='ltr'><strong>ut</strong></span> <span class='ocrx_word' id='word_1_212' title='bbox 1394 2551 1588 2621; x_wconf 89' lang='lat' dir='ltr'><strong>planius</strong></span> <span class='ocrx_word' id='word_1_213' title='bbox 1626 2551 1888 2622; x_wconf 82' lang='lat' dir='ltr'><strong>explicem,</strong></span> 
     </span>
     <span class='ocr_line' id='line_1_28' title="bbox 77 2632 1888 2707; baseline 0.002 -23"><span class='ocrx_word' id='word_1_214' title='bbox 77 2643 189 2685; x_wconf 88' lang='lat' dir='ltr'><strong>utar</strong></span> <span class='ocrx_word' id='word_1_215' title='bbox 242 2632 709 2687; x_wconf 81' lang='lat' dir='ltr'><strong>Ecclesiastica&#39;rum</strong></span> <span class='ocrx_word' id='word_1_216' title='bbox 765 2634 1185 2705; x_wconf 90' lang='lat' dir='ltr'><strong>dispensationum</strong></span> <span class='ocrx_word' id='word_1_217' title='bbox 1247 2638 1505 2707; x_wconf 85' lang='lat' dir='ltr'><strong>exemp10,</strong></span> <span class='ocrx_word' id='word_1_218' title='bbox 1569 2636 1740 2704; x_wconf 90' lang='lat' dir='ltr'><strong>quibus</strong></span> <span class='ocrx_word' id='word_1_219' title='bbox 1788 2636 1888 2705; x_wconf 87' lang='lat' dir='ltr'><strong>legi</strong></span> 
     </span>
     <span class='ocr_line' id='line_1_29' title="bbox 75 2717 1886 2792; baseline 0.001 -22"><span class='ocrx_word' id='word_1_220' title='bbox 75 2719 344 2773; x_wconf 81' lang='lat' dir='ltr'><strong>universali</strong></span> <span class='ocrx_word' id='word_1_221' title='bbox 397 2720 449 2771; x_wconf 88' lang='lat' dir='ltr'><strong>in</strong></span> <span class='ocrx_word' id='word_1_222' title='bbox 503 2719 879 2790; x_wconf 88' lang='lat' dir='ltr'><strong>particularibus</strong></span> <span class='ocrx_word' id='word_1_223' title='bbox 935 2721 1127 2773; x_wconf 90' lang='lat' dir='ltr'><strong>casibus</strong></span> <span class='ocrx_word' id='word_1_224' title='bbox 1183 2722 1466 2792; x_wconf 85' lang='lat' dir='ltr'><strong>derogatur.</strong></span> <span class='ocrx_word' id='word_1_225' title='bbox 1557 2717 1702 2787; x_wconf 82' lang='lat' dir='ltr'><strong>Quod</strong></span> <span class='ocrx_word' id='word_1_226' title='bbox 1758 2720 1886 2773; x_wconf 90' lang='lat' dir='ltr'><strong>enim</strong></span> 
     </span>
     <span class='ocr_line' id='line_1_30' title="bbox 74 2803 1887 2877; baseline 0.001 -21"><span class='ocrx_word' id='word_1_227' title='bbox 74 2804 207 2856; x_wconf 90' lang='lat' dir='ltr'><strong>valet</strong></span> <span class='ocrx_word' id='word_1_228' title='bbox 254 2803 306 2855; x_wconf 90' lang='lat' dir='ltr'><strong>in</strong></span> <span class='ocrx_word' id='word_1_229' title='bbox 341 2805 628 2874; x_wconf 86' lang='lat' dir='ltr'><strong>particulari</strong></span> <span class='ocrx_word' id='word_1_230' title='bbox 663 2805 1048 2875; x_wconf 21' lang='lat' dir='ltr'><strong>*dispensa-tione</strong></span> <span class='ocrx_word' id='word_1_231' title='bbox 1067 2845 1082 2870; x_wconf 93' lang='lat'><strong>,</strong></span> <span class='ocrx_word' id='word_1_232' title='bbox 1133 2825 1229 2874; x_wconf 89' lang='lat' dir='ltr'><strong>qua</strong></span> <span class='ocrx_word' id='word_1_233' title='bbox 1282 2806 1593 2877; x_wconf 87' lang='lat' dir='ltr'><strong>particularis</strong></span> <span class='ocrx_word' id='word_1_234' title='bbox 1631 2807 1887 2876; x_wconf 84' lang='lat' dir='ltr'><strong>derogatio</strong></span> 
     </span>
     <span class='ocr_line' id='line_1_31' title="bbox 75 2888 1883 2962; baseline 0.002 -23"><span class='ocrx_word' id='word_1_235' title='bbox 75 2888 166 2955; x_wconf 56' lang='lat' dir='ltr'><strong>fit,</strong></span> <span class='ocrx_word' id='word_1_236' title='bbox 203 2888 339 2940; x_wconf 83' lang='lat' dir='ltr'><strong>valet</strong></span> <span class='ocrx_word' id='word_1_237' title='bbox 377 2888 524 2940; x_wconf 82' lang='lat' dir='ltr'><strong>etiam</strong></span> <span class='ocrx_word' id='word_1_238' title='bbox 562 2889 613 2940; x_wconf 91' lang='lat' dir='ltr'><strong>in</strong></span> <span class='ocrx_word' id='word_1_239' title='bbox 650 2889 973 2959; x_wconf 81' lang='lat' dir='ltr'><strong>derogatione</strong></span> <span class='ocrx_word' id='word_1_240' title='bbox 1007 2892 1258 2960; x_wconf 83' lang='lat' dir='ltr'><strong>generali,</strong></span> <span class='ocrx_word' id='word_1_241' title='bbox 1297 2910 1393 2960; x_wconf 89' lang='lat' dir='ltr'><strong>qua</strong></span> <span class='ocrx_word' id='word_1_242' title='bbox 1430 2909 1560 2944; x_wconf 87' lang='lat' dir='ltr'><strong>novo</strong></span> <span class='ocrx_word' id='word_1_243' title='bbox 1600 2891 1883 2962; x_wconf 87' lang='lat' dir='ltr'><strong>disciplinae</strong></span> 
     </span>
     <span class='ocr_line' id='line_1_32' title="bbox 74 2973 1686 3043; baseline 0.001 -19"><span class='ocrx_word' id='word_1_244' title='bbox 74 2975 179 3043; x_wconf 86' lang='lat' dir='ltr'><strong>jure</strong></span> <span class='ocrx_word' id='word_1_245' title='bbox 214 2973 413 3026; x_wconf 91' lang='lat' dir='ltr'><strong>inducto</strong></span> <span class='ocrx_word' id='word_1_246' title='bbox 452 2974 703 3042; x_wconf 89' lang='lat' dir='ltr'><strong>antiquum</strong></span> <span class='ocrx_word' id='word_1_247' title='bbox 739 2975 1029 3043; x_wconf 86' lang='lat' dir='ltr'><strong>abrogatur.</strong></span> <span class='ocrx_word' id='word_1_248' title='bbox 1684 3023 1686 3026; x_wconf 78' lang='grc'>,</span> 
     </span>
    </p>

    <p class='ocr_par' dir='ltr' id='par_1_3' title="bbox 75 3056 1885 3471">
     <span class='ocr_line' id='line_1_33' title="bbox 131 3056 1885 3131; baseline 0.002 -21"><span class='ocrx_word' id='word_1_249' title='bbox 131 3060 158 3089; x_wconf 66' lang='grc' dir='ltr'>Ὗ</span> <span class='ocrx_word' id='word_1_250' title='bbox 220 3059 270 3110; x_wconf 79' lang='lat'><strong>2.</strong></span> <span class='ocrx_word' id='word_1_251' title='bbox 348 3056 635 3111; x_wconf 89' lang='lat' dir='ltr'><strong>Communis</strong></span> <span class='ocrx_word' id='word_1_252' title='bbox 692 3059 918 3112; x_wconf 88' lang='lat' dir='ltr'><strong>doctrina</strong></span> <span class='ocrx_word' id='word_1_253' title='bbox 983 3070 1095 3125; x_wconf 89' lang='lat' dir='ltr'><strong>est,</strong></span> <span class='ocrx_word' id='word_1_254' title='bbox 1162 3060 1554 3131; x_wconf 90' lang='lat' dir='ltr'><strong>dispensationes</strong></span> <span class='ocrx_word' id='word_1_255' title='bbox 1609 3080 1639 3113; x_wconf 88' lang='lat' dir='ltr'><strong>a</strong></span> <span class='ocrx_word' id='word_1_256' title='bbox 1692 3061 1885 3130; x_wconf 88' lang='lat' dir='ltr'><strong>legibus</strong></span> 
     </span>
     <span class='ocr_line' id='line_1_34' title="bbox 77 3140 1884 3214; baseline 0.002 -19"><span class='ocrx_word' id='word_1_257' title='bbox 77 3143 224 3195; x_wconf 83' lang='lat' dir='ltr'><strong>etiam</strong></span> <span class='ocrx_word' id='word_1_258' title='bbox 278 3140 647 3197; x_wconf 89' lang='lat' dir='ltr'><strong>Ecclesiasticis</strong></span> <span class='ocrx_word' id='word_1_259' title='bbox 703 3145 815 3198; x_wconf 65' lang='lat' dir='ltr'><strong>sive,</strong></span> <span class='ocrx_word' id='word_1_260' title='bbox 867 3145 1090 3214; x_wconf 55' lang='lat' dir='ltr'><strong>antiquiss</strong></span> <span class='ocrx_word' id='word_1_261' title='bbox 1136 3146 1243 3199; x_wconf 85' lang='lat' dir='ltr'><strong>sive</strong></span> <span class='ocrx_word' id='word_1_262' title='bbox 1296 3147 1655 3199; x_wconf 85' lang='lat' dir='ltr'><strong>recentioribus</strong></span> <span class='ocrx_word' id='word_1_263' title='bbox 1677 3185 1690 3210; x_wconf 90' lang='lat'><strong>,</strong></span> <span class='ocrx_word' id='word_1_264' title='bbox 1760 3164 1884 3214; x_wconf 89' lang='lat' dir='ltr'><strong>quae</strong></span> 
     </span>
     <span class='ocr_line' id='line_1_35' title="bbox 75 3221 1884 3300; baseline 0.001 -19"><span class='ocrx_word' id='word_1_265' title='bbox 75 3229 280 3297; x_wconf 80' lang='lat' dir='ltr'><strong>vigent,-</strong></span> <span class='ocrx_word' id='word_1_266' title='bbox 309 3247 345 3281; x_wconf 41' lang='lat' dir='ltr'><strong>*a</strong></span> <span class='ocrx_word' id='word_1_267' title='bbox 378 3229 572 3283; x_wconf 86' lang='lat' dir='ltr'><strong>nemine</strong></span> <span class='ocrx_word' id='word_1_268' title='bbox 610 3230 946 3284; x_wconf 86' lang='lat' dir='ltr'><strong>concedendas</strong></span> <span class='ocrx_word' id='word_1_269' title='bbox 983 3230 1078 3283; x_wconf 91' lang='lat' dir='ltr'><strong>nisi</strong></span> <span class='ocrx_word' id='word_1_270' title='bbox 1115 3232 1254 3300; x_wconf 81' lang='lat' dir='ltr'><strong>justa</strong></span> <span class='ocrx_word' id='word_1_271' title='bbox 1300 3221 1358 3283; x_wconf 90' lang='lat' dir='ltr'><strong>de</strong></span> <span class='ocrx_word' id='word_1_272' title='bbox 1407 3249 1582 3298; x_wconf 88' lang='lat' dir='ltr'><strong>causa,</strong></span> <span class='ocrx_word' id='word_1_273' title='bbox 1629 3249 1755 3300; x_wconf 89' lang='lat' dir='ltr'><strong>quae</strong></span> <span class='ocrx_word' id='word_1_274' title='bbox 1794 3231 1884 3283; x_wconf 88' lang='lat' dir='ltr'><strong>ali-</strong></span> 
     </span>
     <span class='ocr_line' id='line_1_36' title="bbox 77 3315 1884 3386; baseline 0.003 -23"><span class='ocrx_word' id='word_1_275' title='bbox 77 3327 219 3381; x_wconf 90' lang='lat' dir='ltr'><strong>quam</strong></span> <span class='ocrx_word' id='word_1_276' title='bbox 273 3324 482 3366; x_wconf 58' lang='lat' dir='ltr'><strong>iterans*</strong></span> <span class='ocrx_word' id='word_1_277' title='bbox 495 3315 846 3368; x_wconf 87' lang='lat' dir='ltr'><strong>necessitatem</strong></span> <span class='ocrx_word' id='word_1_278' title='bbox 901 3324 986 3368; x_wconf 86' lang='lat' dir='ltr'><strong>aut</strong></span> <span class='ocrx_word' id='word_1_279' title='bbox 1040 3316 1281 3386; x_wconf 87' lang='lat' dir='ltr'><strong>publicam</strong></span> <span class='ocrx_word' id='word_1_280' title='bbox 1308 3365 1310 3367; x_wconf 84' lang='lat'>.</span> <span class='ocrx_word' id='word_1_281' title='bbox 1333 3316 1596 3385; x_wconf 76' lang='lat' dir='ltr'><strong>utilitatem</strong></span> <span class='ocrx_word' id='word_1_282' title='bbox 1650 3316 1884 3385; x_wconf 88' lang='lat' dir='ltr'><strong>requirit:</strong></span> 
     </span>
     <span class='ocr_line' id='line_1_37' title="bbox 76 3392 1884 3471; baseline 0.002 -22"><span class='ocrx_word' id='word_1_283' title='bbox 76 3397 202 3465; x_wconf 89' lang='lat' dir='ltr'><strong>quod</strong></span> <span class='ocrx_word' id='word_1_284' title='bbox 239 3392 370 3450; x_wconf 88' lang='lat' dir='ltr'><strong>enim</strong></span> <span class='ocrx_word' id='word_1_285' title='bbox 388 3410 476 3450; x_wconf 62' lang='lat' dir='ltr'><strong>fex</strong></span> <span class='ocrx_word' id='word_1_286' title='bbox 499 3400 802 3471; x_wconf 65' lang='lat' dir='ltr'><strong>2·-.·hujusmodi</strong></span> <span class='ocrx_word' id='word_1_287' title='bbox 850 3400 1151 3455; x_wconf 89' lang='lat' dir='ltr'><strong>necessitate</strong></span> <span class='ocrx_word' id='word_1_288' title='bbox 1200 3410 1286 3453; x_wconf 89' lang='lat' dir='ltr'><strong>aut</strong></span> <span class='ocrx_word' id='word_1_289' title='bbox 1332 3401 1545 3454; x_wconf 86' lang='lat' dir='ltr'><strong>utilitate</strong></span> <span class='ocrx_word' id='word_1_290' title='bbox 1582 3395 1884 3465; x_wconf 80' lang='lat' dir='ltr'><strong>conceditur,</strong></span> 
     </span>
    </p>
   </div>
   <div class='ocr_carea' id='block_1_3' title="bbox 74 3482 1884 3625">
    <p class='ocr_par' dir='ltr' id='par_1_4' title="bbox 74 3482 1884 3625">
     <span class='ocr_line' id='line_1_38' title="bbox 74 3482 1884 3557; baseline 0.004 -26"><span class='ocrx_word' id='word_1_291' title='bbox 74 3482 128 3533; x_wconf 88' lang='lat' dir='ltr'><strong>in</strong></span> <span class='ocrx_word' id='word_1_292' title='bbox 174 3482 562 3536; x_wconf 79' lang='lat' dir='ltr'><strong>aedificationem</strong></span> <span class='ocrx_word' id='word_1_293' title='bbox 588 3519 593 3523; x_wconf 54' lang='lat'><em>2</em></span> <span class='ocrx_word' id='word_1_294' title='bbox 604 3483 862 3539; x_wconf 85' lang='lat' dir='ltr'><strong>Ecclesiae</strong></span> <span class='ocrx_word' id='word_1_295' title='bbox 912 3486 1065 3554; x_wconf 85' lang='lat' dir='ltr'><strong>cedit,</strong></span> <span class='ocrx_word' id='word_1_296' title='bbox 1132 3484 1185 3538; x_wconf 69' lang='lat' dir='ltr'><strong>et</strong></span> <span class='ocrx_word' id='word_1_297' title='bbox 1233 3487 1415 3540; x_wconf 91' lang='lat' dir='ltr'><strong>idcirco</strong></span> <span class='ocrx_word' id='word_1_298' title='bbox 1472 3486 1739 3557; x_wconf 85' lang='lat' dir='ltr'><strong>legitimum</strong></span> <span class='ocrx_word' id='word_1_299' title='bbox 1790 3496 1884 3539; x_wconf 57' lang='lat' dir='ltr'><strong>est‘a</strong></span> 
     </span>
     <span class='ocr_line' id='line_1_39' title="bbox 134 3572 1539 3625; baseline 0.004 -17"><span class='ocrx_word' id='word_1_300' title='bbox 134 3573 181 3608; x_wconf 88' lang='lat' dir='ltr'><strong>P.</strong></span> <span class='ocrx_word' id='word_1_301' title='bbox 212 3572 362 3608; x_wconf 81' lang='lat' dir='ltr'><strong>Baller.</strong></span> <span class='ocrx_word' id='word_1_302' title='bbox 395 3573 443 3608; x_wconf 83' lang='lat' dir='ltr'><strong>de</strong></span> <span class='ocrx_word' id='word_1_303' title='bbox 475 3575 674 3610; x_wconf 81' lang='lat' dir='ltr'><strong>Potestate</strong></span> <span class='ocrx_word' id='word_1_304' title='bbox 707 3580 780 3613; x_wconf 84' lang='lat' dir='ltr'><strong>etc.</strong></span> <span class='ocrx_word' id='word_1_305' title='bbox 1472 3574 1539 3625; x_wconf 71' lang='lat'><strong>12</strong></span> 
     </span>
    </p>
   </div>
  </div>
 </body>
</html>
