2326 3854
683 224 1331 280 ——105—

109 392 168 443 ab
206 389 496 460 Apostolisa
533 391 647 441 sede
697 390 980 441 confirmata
1021 387 1306 439 constaret?
1382 381 1516 450 Quot
1553 382 1635 433 alii
1672 382 1907 434 haeretici

108 486 156 528 et
195 493 390 527 errores
430 475 488 527 ab
524 473 751 527 Ecclesia
787 472 1003 534 damnati
1040 471 1184 524 simili
1221 472 1379 522 bonae
1426 467 1536 524 fidei
1583 485 1639 518 ac
1676 466 1905 519 inadver-

107 561 292 613 tentiae
340 559 535 612 nomine
571 568 775 630 possent
813 557 1082 610 excusari?
1156 556 1297 608 Vera
1334 553 1494 617 ratio,
1542 571 1628 604 cur
1674 569 1732 603 ea
1772 549 1906 603 Con-

109 645 400 697 stantiensia
437 644 631 696 decreta
681 662 778 695 non
820 641 1170 694 constituerint
1217 640 1363 704 olim,
1406 657 1496 691 nec
1543 637 1684 690 hodie
1723 637 1907 688 consti-

107 738 248 798 tuant
284 727 552 780 doctrinam
589 727 725 790 fidei,
773 725 847 778 cui
883 745 1027 778 nemo
1076 726 1341 778 catholicus
1374 722 1638 777 contraire
1673 722 1906 794 potuerit,

108 824 192 866 aut
228 813 410 884 possit,
459 820 591 863 esset
640 811 831 880 quidem
882 811 1026 875 haec,
1075 810 1118 862 si
1155 812 1235 864 vel
1272 828 1372 861 non
1411 809 1728 861 crederentur
1764 826 1907 878 prae-

107 899 237 950 ferre
289 914 458 951 veram
513 895 843 948 definitionem
898 896 1036 960 fidei,
1106 897 1192 948 sed
1243 913 1431 947 meram
1487 897 1907 946 constitutionem

107 984 427 1052 synodalem,
466 999 592 1050 quae
630 981 951 1050 dogmaticam
978 980 1249 1032 doctrinam
1289 998 1389 1031 non
1428 979 1789 1043 contineat,-ut
1824 996 1907 1031 ca-

106 1067 206 1138 pite
243 1066 467 1135 sequenti
505 1066 857 1137 explicabitur3
913 1066 994 1118 vel
1032 1063 1433 1118 Constantiensis
1478 1064 1698 1134 synodus
1746 1064 1798 1114 in
1835 1064 1908 1116 fe-

107 1153 271 1205 rendis
308 1152 478 1204 iisdem
514 1150 722 1203 decretis
760 1151 821 1203 ob
859 1149 1026 1203 varias
1062 1150 1303 1202 indicatas
1340 1148 1737 1218 irregularitates
1763 1158 1909 1218 atque

107 1237 320 1289 defectus
349 1236 594 1306 judicetur
629 1246 728 1288 non
765 1237 942 1300 fuisse,
982 1251 1089 1287 'nec
1135 1234 1304 1286 haberi
1340 1251 1487 1304 posse
1523 1252 1643 1287 vere
1681 1252 1906 1286 oecume-

107 1321 233 1374 nica.
307 1319 366 1373 Si
401 1330 562 1373 autem
599 1330 824 1373 neutrum
872 1321 1092 1390 placeat,
1135 1329 1190 1371 ut
1243 1318 1543 1373 adversariis
1581 1335 1679 1369 non
1716 1318 1907 1388 placet,

107 1424 192 1458 cur
227 1405 536 1458 nihilominus
573 1425 633 1459 ea
671 1407 869 1458 decreta
906 1423 1005 1456 non
1042 1406 1355 1468 contineant,
1406 1422 1564 1473 neque
1602 1404 1909 1456 constituant
1954 1420 1958 1426 “

106 1490 376 1542 doctrinam
413 1491 546 1559 fidei,
595 1491 671 1543 cui
708 1508 850 1543 nemo
889 1489 1017 1542 citra
1053 1490 1297 1543 haeresim
1338 1490 1496 1560 possit
1532 1488 1795 1554 reluctari,
1847 1508 1908 1541 ea

107 1575 211 1626 sola
264 1575 392 1627 ratio
445 1576 613 1628 afferri
657 1584 849 1646 potest,
899 1576 1013 1644 quia
1059 1575 1172 1627 licet
1218 1575 1346 1627 edita
1402 1593 1432 1626 a
1471 1571 1725 1638 Concilio,
1781 1575 1909 1643 quod

107 1659 405 1712 oecumenici
439 1678 616 1713 nomen
653 1660 800 1712 etiam
843 1660 895 1711 in
942 1660 1037 1711 illis
1084 1660 1387 1712 sessionibus
1424 1678 1543 1730 prae
1582 1677 1636 1710 se
1672 1658 1811 1723 tulit,
1862 1669 1910 1711 et

107 1743 218 1795 dein
256 1744 466 1814 repetita
499 1745 551 1796 in
587 1744 895 1810 Basileensi3
946 1742 1044 1797 non
1079 1756 1246 1798 tamen
1285 1763 1315 1796 a
1352 1745 1467 1796 sede
1503 1743 1824 1814 Apostolica,
1859 1744 1908 1795 id

108 1837 184 1879 est
219 1845 310 1880 nec
348 1847 377 1880 a
414 1827 638 1882 Martino
676 1830 771 1895 V.,
821 1848 912 1883 nec
949 1831 1037 1882 sub
1074 1829 1605 1901 tempusBasileensis
1643 1830 1702 1880 ab
1741 1828 1908 1898 Euge-

106 1912 186 1963 nio
222 1912 316 1966 IV.
373 1914 571 1966 fuerunt
617 1915 887 1985 approbata
934 1933 1021 1968 seu
1071 1916 1386 1968 confirmata:
1445 1933 1571 1983 quae
1623 1914 1909 1985 approbatio

106 2015 192 2049 seu
246 1998 547 2051 confirmatio
604 2001 662 2050 ad
715 1999 813 2052 vim
867 1999 1116 2069 generalis
1173 2000 1366 2051 concilii
1418 2001 1791 2064 adstruendam,
1861 2011 1910 2052 et

107 2083 166 2134 ad
202 2076 589 2136 constituendum
635 2085 811 2155 dogma
855 2085 963 2136 fidei
1014 2094 1090 2137 est.
1137 2085 1356 2137 maxime
1403 2085 1704 2137 necessaria.
1779 2085 1908 2138 Hinc

106 2168 293 2236 quidem
331 2169 603 2222 Bossuetus
640 2170 767 2222 hanc
803 2170 1137 2238 quaestionem
1175 2179 1288 2240 post
1326 2170 1523 2221 decreta
1548 2168 1907 2223 Constantien-

107 2252 182 2304 sia
220 2248 374 2305 adhuc
419 2254 470 2305 in
514 2273 752 2325 suspenso
799 2254 1017 2307 relictam
1063 2265 1114 2307 et
1159 2254 1423 2305 indecisam
1471 2264 1521 2306 et
1557 2255 1709 2308 libere
1746 2257 1908 2308 utrin-

108 2355 200 2405 que
251 2339 489 2408 agitatam
546 2340 772 2409 agnoscit
815 2339 942 2391 libro
986 2338 1026 2389 I.
1085 2340 1430 2407 Defensionis
1477 2339 1528 2389 in
1573 2340 1907 2410 Appendicem

108 2422 402 2475 novissimae
441 2424 666 2476 editionis
702 2425 926 2476 traducto
965 2441 1070 2493 cap.
1109 2424 1160 2475 3.
1206 2423 1422 2476 Jacobus
1461 2442 1650 2492 quoque
1687 2423 1910 2477 Lenfant

107 2508 417 2574 quantumvis
486 2507 760 2562 Calvinista
831 2509 882 2559 in
953 2507 1158 2560 historia
1227 2507 1631 2561 Constantiensis
1697 2506 1909 2561 Concilii

106 2600 223 2642 tom.
264 2591 302 2643 l.
341 2611 452 2662 pag.
479 2594 550 2647 89
587 2595 713 2646 hanc
750 2592 1088 2662 quaestionem
1125 2592 1244 2663 ipsis
1283 2594 1494 2646 decretis
1530 2614 1636 2645 non
1667 2599 1907 2662 potuisse

107 2677 278 2728 adhuc
325 2682 600 2731 terminari
646 2677 946 2750 pronuntiat.
1031 2676 1259 2730 Decretis
1306 2676 1487 2747 ineptis
1540 2679 1600 2730 ad
1643 2679 1907 2732 finiendam

107 2760 239 2812 litem
278 2763 515 2828 quomodo
563 2761 727 2816 fidere
761 2772 994 2834 poterunt
1041 2763 1313 2815 adversarii
1361 2763 1412 2815 in
1462 2765 1777 2832 quaestione,
1825 2766 1908 2818 ubi

109 2844 378 2896 auctoritas
427 2847 761 2915 requireretur
815 2846 1014 2898 omnino
1071 2857 1234 2911 certa,
1294 2867 1417 2916 quae
1460 2852 1543 2919 jus
1593 2849 1907 2903 Pontificium
1972 2836 1974 2839 V

107 2947 253 3000 supra
289 2930 568 2983 universam
607 2931 859 2984 collective
884 2929 1178 2995 Ecclesiam,
1219 2943 1268 2985 et
1306 2952 1456 3004 supra
1492 2936 1746 3004 generalia
1773 2934 1909 2989 Con-

107 3014 213 3066 cilia
251 3014 477 3084 primatui
516 3025 814 3086 competens,
854 3034 910 3068 ac
943 3026 1051 3068 tota
1089 3017 1382 3085 antiquitate
1420 3022 1788 3090 comprohatum
1815 3040 1908 3073 ex-

105 3100 350 3152 truderet?
1285 3115 1288 3118 ’
