2326 3854
711 174 1309 260 ——97—÷-

110 343 413 397 Pontifices?
488 338 671 392 Nonne
717 338 825 390 ideo
881 337 1170 408 excogitata
1225 333 1415 386 videtur
1470 331 1592 383 haee
1639 333 1912 399 methoduS,

110 428 235 498 quod
273 424 510 497 ejusmodi
549 426 632 494 jus
682 442 829 493 supra
864 421 1138 475 Pontifices·
1191 419 1337 471 etiam
1374 417 1503 468 tituli
1552 416 1683 467 dubii
1719 420 1911 487 synodo

110 512 333 583 generali
370 519 504 563 certo
554 512 830 579 competere
876 522 1183 575 nequaquam
1231 503 1523 556 crederent?
1597 499 1717 553 Non
1754 504 1912 554 solum

110 598 264 668 igitur
298 597 438 666 hujus
477 593 652 664 synodi
689 591 984 655 auctoritaS,
1024 607 1340 659 quaecunque
1378 586 1469 651 sit,
1518 586 1912 640 adversariorum

112 680 372 752 systemati
406 697 506 732 non
554 677 885 747 suffragatur,
942 675 1027 727 sed
1076 673 1239 744 potius
1290 673 1432 724 obest
1468 671 1659 742 reipsa,
1707 691 1814 725 cum
1851 672 1912 724 ad

111 767 268 817 solum
306 762 495 816 concilii
522 763 602 831 jus
639 762 692 815 in
729 779 832 823 eoS,
873 759 953 828 qui
990 768 1103 811 actu
1128 757 1396 810 Pontifices
1434 757 1638 828 amplius
1675 775 1775 808 non
1802 775 1912 809 esse

111 848 395 911 credantur,
432 846 611 898 referri
647 846 950 915 aliquatenus
988 853 1152 913 queat.

253 931 337 984 16.
411 930 463 981 A
508 930 698 983 Pisana
754 930 946 1000 synodo
1003 938 1266 996 antequam
1324 938 1553 991 transeO,
1613 927 1756 979 aliam
1815 946 1914 979 non

110 1015 231 1069 levis
279 1016 513 1068 momenti
569 1015 964 1069 observationem
1014 1013 1279 1066 addendam
1337 1012 1569 1064 arbitror.
1655 1010 1913 1078 QuaestiO,

110 1101 167 1151 de
205 1118 300 1169 qua
337 1100 388 1150 in
426 1118 486 1152 ea
523 1102 710 1171 synodo
749 1110 910 1154 actum
948 1107 1041 1162 est,
1080 1098 1321 1167 appellata
1346 1097 1435 1148 fuit
1473 1116 1634 1149 causa
1671 1098 1915 1150 schisma-

109 1188 176 1236 tis
214 1192 266 1236 et
294 1188 435 1254 fidei.
508 1183 650 1237 Fidei
686 1193 850 1237 autem
888 1200 1036 1235 causa
1073 1200 1191 1234 eum‘
1219 1181 1483 1234 schismate
1520 1199 1619 1232 non
1657 1181 1717 1232 ob
1769 1182 1915 1233 aliam

112 1267 354 1321 rationem
389 1269 478 1320 fuit
515 1270 756 1340 copulata,
794 1268 891 1320 nisi
928 1267 1042 1336 quia
1067 1267 1420 1319 contendentes
1458 1284 1558 1318 non
1597 1266 1917 1334 acquiescen-

111 1364 187 1406 tes
233 1352 446 1406 cessioni
490 1353 806 1406 necessariae
860 1353 921 1404 ad
969 1352 1234 1404 tollendum
1291 1352 1533 1415 schisma,
1595 1350 1916 1421 pertinaciter

110 1441 279 1491 fovere
314 1437 470 1508 ipsum
509 1438 738 1502 schisma,
779 1449 828 1491 et
865 1456 963 1507 qua
999 1438 1146 1501 taleS‚
1185 1455 1252 1489 ex
1281 1436 1521 1508 principio
1559 1445 1676 1488 tunc
1712 1436 1913 1506 vulgato

110 1534 342 1592 tanquam
407 1523 641 1575 haeretici
703 1524 1115 1587 traducebantur,
1177 1541 1234 1574 ac
1300 1521 1343 1572 si
1418 1521 1679 1573 articulum
1749 1522 1917 1573 Unam

112 1616 345 1660 sanctam
367 1605 643 1659 Ecclesiam
680 1607 990 1677 impeterent.
1065 1606 1196 1660 Hinc
1220 1607 1273 1658 in
1310 1606 1629 1678 depositionis
1668 1607 1917 1659 sententia

113 1694 254 1744 ambo
293 1693 644 1745 contendentes
682 1710 751 1744 ex
786 1693 1050 1745 schismate
1088 1702 1138 1745 et
1174 1692 1372 1744 haeresi
1411 1693 1471 1743 ab
1508 1690 1736 1744 Ecclesia
1773 1710 1915 1762 prae-

113 1777 227 1841 cisi,
266 1787 315 1829 et
350 1778 458 1848 ipso
493 1778 623 1828 facto
663 1777 872 1847 depositi
906 1779 1282 1848 praeferuntur,
1329 1786 1384 1827 ut
1418 1777 1561 1847 paulo
1599 1786 1716 1828 ante
1755 1777 1916 1847 expli-

113 1862 343 1916 cavimus.
434 1861 544 1914 Hoc
598 1871 760 1915 autem
825 1862 1116 1934 principium
1169 1863 1419 1933 proprium
1450 1861 1492 1932 l)
1557 1862 1708 1914 solius
1773 1880 1917 1915 casus

113 1945 389 1998 schismatis
435 1946 815 2016 pertinacissimi
862 1947 994 2000 inter
1042 1949 1392 2000 contendentes
1443 1947 1572 2000 dubii
1631 1958 1681 2000 et
1738 1947 1918 2000 incerti

105 2031 230 2100 juris
267 2031 527 2102 hypothesi
581 2031 839 2096 innititur,
895 2051 1020 2101 quae
1069 2033 1267 2085 omnino
1307 2043 1444 2085 certa
1481 2033 1684 2103 probari
1729 2032 1915 2102 nequit.

112 2114 251 2169 Sicut
288 2116 418 2168 enim
454 2134 545 2169 nec
581 2117 909 2182 schismatici,
958 2136 1049 2170 nec
1087 2117 1325 2170 haeretici
1370 2120 1594 2182 fuerunt,
1647 2118 1729 2187 qui
1767 2120 1918 2171 alter-

112 2211 276 2252 utrum
312 2219 380 2252 ex
417 2202 824 2254 contendentibus
861 2202 1128 2275 legitimum
1166 2221 1434 2273 verumque
1470 2202 1763 2256 Pontificem
1804 2203 1918 2256 exi-

115 2285 390 2349 stimantes,
427 2286 555 2337 bona
590 2287 681 2338 fide
719 2288 1078 2355 sequebantur3
1117 2287 1187 2339 ita
1223 2306 1315 2341 nec
1351 2288 1606 2352 haeretici,
1645 2307 1737 2340 nec
1764 2288 1919 2342 schis-

115 2369 280 2421 matici
314 2370 510 2440 proprie
555 2370 671 2422 dicti
711 2372 923 2441 judicari
973 2382 1109 2424 certo
1159 2383 1366 2442 possunt
1410 2373 1506 2443 ipsi
1549 2373 1920 2446 contendenteS‚

116 2454 348 2523 siquidem
385 2472 439 2506 se
477 2457 679 2524 quisque
715 2475 884 2510 verum
929 2457 1295 2527 legitimumque
1330 2456 1625 2510 Pontificem
1661 2458 1792 2510 bona
1830 2458 1920 2510 fide

114 2548 276 2603 ratuS,
331 2557 469 2591 suam
516 2539 802 2609 dignitatem
848 2542 1077 2595 tuebatur
1098 2581 1112 2606 ,
1162 2560 1253 2594 nec
1299 2542 1592 2612 promissam
1643 2542 1918 2596 cessionem

114 2625 308 2678 volebat
340 2634 625 2695 praestare,
675 2627 903 2694 quamdiu
951 2626 1164 2680 conditio
1213 2626 1267 2689 in
1315 2626 1645 2696 promissione
1694 2627 1919 2698 apposita

115 2709 310 2779 impleta
345 2727 444 2762 non
480 2709 669 2763 fuisset.
754 2710 812 2764 Si
856 2722 1019 2766 autem
1069 2712 1383 2782 hypothesiS‚
1440 2731 1535 2781 qua
1582 2713 1699 2765 illud
1735 2714 1920 2784 princi-

117 2793 246 2862 pium
291 2793 606 2858 fulciebatur,
660 2805 795 2848 certo
851 2815 974 2850 vera
1021 2815 1120 2849 non
1180 2806 1281 2862 est3
1343 2798 1582 2865 quomodo
1631 2798 1919 2869 principium

242 2998 278 3053 ¹)
310 3001 551 3053 Proprium,
581 3003 754 3055 inquam,
782 3005 914 3044 solius
943 3005 1204 3054 schismatis,
1237 3006 1343 3056 quod
1375 3008 1426 3045 ob
1459 3007 1724 3058 pertinaciam
1756 3010 1922 3046 conten-

119 3061 299 3100 dentium
327 3062 503 3111 aliquam
533 3061 736 3101 haeresim
773 3061 869 3101 fidei
910 3064 1155 3103 contrariam
1183 3065 1434 3104 involveret:
1489 3078 1622 3116 neque
1654 3066 1758 3104 enim
1790 3067 1919 3116 ipsum

112 3120 357 3170 :principium
388 3122 525 3170 potest
555 3120 702 3158 referri
733 3121 787 3159 ad
818 3133 934 3159 casus
965 3126 1245 3174 corruptorum
1276 3135 1450 3175 morum,
1484 3125 1552 3174 qui
1589 3124 1918 3163 reformationem

121 3178 385 3227 requirerent,
416 3189 492 3216 nec
519 3178 600 3216 ullo
621 3178 847 3217 schismatis
867 3183 938 3219 aut
955 3179 1136 3219 haeresis
1167 3181 1269 3220 vitio
1286 3181 1589 3224 inficiebantur.
1624 3182 1734 3220 Hinc
1754 3194 1855 3221 sess.
1876 3183 1919 3220 8.

75 3241 79 3244 ’
122 3236 163 3273 in
192 3235 280 3275 solo
309 3236 536 3276 schismatis
575 3249 672 3276 casu
711 3238 910 3277 tributum
949 3239 1099 3289 legitur
1130 3238 1419 3279 cardinalibus
1442 3241 1509 3290 Jus
1541 3241 1796 3287 convocandi
1826 3253 1920 3291 syn-

123 3293 240 3332 odum
270 3294 497 3342 generalem
528 3294 607 3335 hac
635 3295 724 3336 vice
754 3297 799 3335 in
832 3296 911 3336 hac
941 3309 1069 3336 causa
1103 3297 1338 3337 detestandi
1370 3301 1409 3338 et
1438 3299 1652 3351 antiquati
1682 3298 1930 3339 schismatis·

123 3354 162 3390 et
182 3349 290 3400 fidei
321 3353 440 3402 (tom.
472 3353 543 3392 15.
576 3354 732 3393 Concil.
766 3354 993 3398 col.1272.
1028 3353 1089 3403 e.)
1119 3355 1162 3393 id
1193 3359 1267 3406 est,
1300 3360 1344 3395 ut
1373 3356 1496 3396 habet
1528 3358 1657 3397 editio
1674 3355 1918 3405 Acheriana,

124 3409 191 3448 ad
208 3410 511 3463 providendum
539 3411 638 3452 huic
665 3413 847 3462 negotio.
909 3414 969 3452 Ibi
1002 3415 1079 3455 col.
1118 3411 1241 3456 1212.
1273 3415 1314 3454 b.

181 3483 225 3518 P.
257 3483 405 3519 Baller.
446 3484 493 3519 de
524 3487 724 3522 Potestate
756 3491 830 3522 etc.
1540 3486 1569 3537 7
