2326 3854
1131 158 1217 195 XII

247 314 553 370 laesionem
615 313 846 390 inflixit,
913 331 1055 388 quae
1110 314 1275 369 simul
1319 317 1494 369 totum
1547 330 1747 388 corpus
1794 313 2093 392 affligeret.

249 401 395 458 Tum
440 403 675 476 primum
719 407 982 476 patronos
1027 402 1272 457 nancisci
1318 404 1518 476 coepta
1564 405 1681 477 est,
1728 404 1790 456 ut
1829 404 1886 457 in
1932 409 2094 476 ejus-

248 489 375 546 dem
421 486 661 546 Concilii
707 488 869 546 Sess.
893 487 994 544 IV.
1041 493 1100 545 et
1128 486 1235 567 V.‚
1280 506 1391 545 non
1435 490 1629 564 paucis
1675 492 1860 545 tamen
1904 491 2095 547 refra-

247 578 509 654 gantibus
557 579 724 634 etiam
756 594 829 633 ex
854 574 1203 655 obedientia,
1249 581 1312 633 ut
1339 580 1564 651 vocant,
1610 576 1847 634 Joannis
1871 577 2097 635 XXIII.

247 683 356 739 qua
402 666 524 722 sola
569 669 697 722 tunc
743 665 1177 722 constituebatur
1223 660 1567 743 Concilium,
1615 666 1845 722 absente
1894 670 1950 722 et
1991 684 2095 723 re-

245 758 534 829 pugnante
582 752 778 808 eodem
822 751 1046 809 Joanne
1075 752 1334 831 XXIII„
1381 771 1482 828 per
1529 753 1751 811 modum
1798 749 2095 812 Constitu-

244 843 452 897 tionum
497 840 855 913 synodalium
901 842 971 898 ad
1010 842 1253 898 schisma
1296 841 1603 898 tollendum
1642 846 1862 899 asserta
1899 842 2095 916 fuerit3

244 947 466 984 rursum
509 946 647 986 vero
694 947 730 985 a
776 925 1030 986 Concilio
1060 928 1382 987 Basileensi
1428 927 1519 1007 (a.
1555 927 1781 1006 1431.)
1830 927 1989 988 Scss,
2022 930 2095 986 ΙΙ.

246 1021 333 1073 est
364 1016 682 1074 adstructa:
704 1071 706 1073 ,
731 1035 873 1092 quae
910 1021 1113 1087 ‘tamen
1157 1014 1612 1076 Constantiensia
1644 1023 1700 1075 et
1742 1016 2097 1075 Basileensia

246 1104 508 1182 decreta,
568 1107 761 1180 quibus
803 1123 961 1162 >vero
1024 1106 1269 1163 Romani
1322 1104 1621 1163 Pontifices
1681 1108 1907 1181 saepius
1967 1111 2095 1163 sunt

243 1192 556 1270 refragati,
605 1211 783 1269 eaque
842 1212 946 1250 sua
988 1194 1401 1252 confirmatione
1446 1212 1556 1251 non
1608 1196 1974 1271 roborarunt,
2023 1212 2094 1250 ne

245 1282 503 1338 absoluta
549 1281 794 1360 dixeriS,
863 1282 966 1339 sed
1016 1287 1368 1339 coarctantur
1424 1282 1497 1338 ad
1556 1301 1747 1339 casum
1806 1283 1875 1338 de
1931 1283 2093 1339 dubio

244 1367 512 1426 Pontifice
572 1389 647 1425 ac
681 1389 803 1445 pro
849 1370 1232 1446 coetirpando
1276 1370 1383 1426 illo
1438 1369 1769 1428 schismate
1778 1409 1800 1442 ,
1860 1376 1921 1428 ut
1981 1388 2093 1426 ex-

246 1459 459 1532 pressis
506 1452 692 1515 uerbis
741 1454 1191 1516 Constantiensis
1235 1457 1508 1532 Synodus
1556 1450 1722 1516 edicit
1768 1457 1908 1536 (cfr.
1942 1455 2094 1516 Sar-

249 1546 420 1622 dagn.
447 1545 649 1603 Theol.
673 1545 883 1624 Dogm.
917 1551 1048 1604 tom.
1064 1547 1166 1603 III.
1196 1565 1249 1603 a.
1265 1546 1368 1603 III.
1401 1551 1649 1604 controv.
1665 1546 1764 1603 VI.
1797 1566 1851 1603 n.
1873 1544 2100 1623 39⁷.)3.

247 1652 352 1708 quo
400 1636 455 1689 in
503 1653 639 1691 casu
682 1637 872 1709 utique
919 1636 1099 1692 solum
1143 1631 1383 1691 Concilii
1426 1653 1623 1691 munus
1669 1637 1774 1691 erit
1818 1635 2096 1709 inquirere

243 1723 299 1777 in
360 1722 657 1796 qualitates
715 1722 1168 1798 conditionesque
1227 1723 1515 1780 electionis
1572 1721 1910 1799 Pontificis5„
1968 1723 2096 1797 quin

245 1814 429 1866 tamen
489 1811 661 1866 ullam
717 1815 1051 1886 potestatem
1107 1829 1211 1868 seu
1257 1813 1614 1867 autoritatem
1670 1813 1726 1866 in
1771 1808 2096 1867 Pontificiae

245 1899 553 1955 autoritatis
585 1898 974 1956 detrimentum
1005 1902 1294 1974 exerceat,
1341 1900 1397 1954 in
1428 1917 1589 1972 quam
1615 1895 1930 1954 Concilium
1958 1898 2096 1953 nihil

245 1987 464 2043 omnino
510 1991 714 2062 potest.
790 1985 1012 2044 Electio
1061 1988 1207 2044 enim
1236 1985 1480 2042 Romani
1509 1984 1779 2061 Episcopi
1825 1988 1914 2042 est
1947 1986 2095 2058 juris

247 2075 616 2131 ecclesiastici
630 2094 649 2149 3
696 2076 910 2132 electus
959 2078 1146 2131 autem
1189 2073 1482 2132 Romanus
1519 2073 1784 2133 Pontifex
1821 2077 1952 2145 Jure
2000 2073 2093 2129 di-

243 2164 373 2220 vino
420 2165 627 2238 potitur
671 2165 943 2240 primatu,
1005 2168 1169 2238 atque
1216 2180 1327 2220 non
1374 2168 1461 2220 est
1500 2160 1797 2220 Ecclesiae
1845 2161 2092 2221 subditus

244 2252 345 2307 sed
393 2248 594 2327 Caput.

420 2338 601 2412 Quam
658 2344 817 2412 justa
879 2341 1023 2396 haec
1094 2342 1202 2397 sint
1272 2344 1328 2396 et
1395 2336 1694 2396 Ecclesiae
1762 2339 2094 2415 perennitati

244 2427 550 2485 conformia
573 2470 591 2506 9
669 2447 811 2504 quae
889 2446 1059 2504 super
1119 2428 1397 2485 soliditate
1456 2426 1613 2485 Petri
1655 2427 1905 2486 „fundata
1946 2443 2093 2482 me—

243 2517 335 2574 dia
391 2517 601 2572 habere
661 2517 826 2573 debet
870 2534 970 2591 pro
1019 2516 1404 2573 conservanda
1450 2519 1507 2571 et
1550 2514 1920 2571 continuanda
1964 2512 2094 2570 Ro-

243 2622 529 2661 manorum
573 2603 898 2661 Pontificum
946 2605 1202 2680 legitima
1248 2604 1637 2678 successione,
1695 2621 1804 2676 qua
1858 2603 1914 2657 in
1962 2603 2091 2676 epi-

243 2696 475 2768 scopatu
519 2692 778 2750 Romano
823 2691 892 2749 B.
925 2691 1094 2748 Petro
1143 2691 1469 2767 succedunt,
1515 2691 1869 2746 nihilominus
1916 2707 2091 2745 occa-

185 2835 189 2837 >
244 2783 400 2838 sione
455 2783 649 2858 magni
703 2783 863 2837 istius
911 2781 1224 2837 schismatis
1280 2780 1628 2855 praeposteri
1685 2796 1883 2835 sensus
1943 2779 2092 2833 circa

244 2871 598 2926 autoritatem
622 2868 971 2926 Pontificiam
1017 2886 1091 2924 ex
1134 2869 1417 2925 notionum
1449 2866 1772 2924 confusione
1819 2869 1947 2922 sunt
1979 2882 2091 2921 ex·-

244 2960 367 3014 orti.
459 2956 650 3014 Verae
698 2959 844 3014 enim
890 2960 948 3013 et
1003 2958 1263 3032 propriae
1301 2955 1699 3012 -democratiae
1755 2955 1968 3011 semina
2018 2954 2091 3008 ibi

246 3064 445 3122 sparsa
490 3051 620 3103 sunt
678 3049 735 3101 et
779 3045 1156 3120 praejudicia3
1216 3063 1282 3101 ac
1329 3046 1377 3100 si
1424 3044 1494 3100 ad
1538 3040 1898 3099 resarcienda
1942 3040 2091 3096 mala

243 3138 492 3209 tempore
518 3135 831 3191 schismatis
857 3150 959 3190 seu
985 3133 1132 3189 dubii
1154 3131 1437 3189 Pontificis
1460 3147 1699 3188 necesse
1724 3132 1899 3205 esset,
1925 3123 2089 3184 Con-

244 3223 494 3279 ciliorum
525 3224 1018 3298 praeeminentiam
1050 3239 1220 3296 supra
1248 3214 1573 3290 Pontificem
1598 3217 1922 3274 Romanum.
1946 3234 2089 3273 con-

244 3312 494 3366 stituere.
565 3309 661 3365 Ex
706 3311 803 3366 illo
851 3328 1016 3386 porro
1050 3314 1300 3384 tempore
1348 3306 1573 3362 factiosi·
1599 3308 1818 3381 quique,
1864 3303 2088 3360 Riche-

244 3399 381 3474 rius,
428 3397 812 3474 Jansenistae7
860 3399 1048 3474 aulici,
1094 3396 1428 3471 Febronius9
1475 3392 1688 3466 Eybel‚
1732 3391 2089 3448 Emsensium

245 3490 550 3542 conventus
597 3487 799 3560 aliique
862 3485 1112 3556 ejusdem
1170 3482 1404 3540 furfuris
1457 3483 1707 3540 homines
1754 3499 1862 3538 non
1910 3480 2090 3537 solum
