2326 3854
612 1173 1418 1285 PRAEFATIO.
1479 1259 1531 1303 „

259 1568 310 1620 1.
381 1539 446 1626 J
447 1567 598 1620 ustini
622 1566 857 1620 Febronii
884 1563 1137 1620 consilium
1164 1562 1222 1620 de
1248 1566 1555 1620 restituenda
1576 1555 1930 1620 Ecclesiastica

118 1665 374 1736 disciplina
410 1676 461 1718 et
510 1668 568 1720 de
603 1665 1068 1720 Ecclesiasticorum
1105 1666 1324 1718 moribus
1369 1665 1431 1718 ad
1467 1683 1721 1725 sacrorum
1759 1662 1926 1718 Cano-

118 1784 233 1817 num
271 1783 493 1818 normam
543 1765 913 1831 reformandiS‚'
952 1765 1078 1835 quod
1123 1765 1205 1818 ille
1222 1837 1238 1841 ,⁷
1253 1764 1559 1836 potissimum
1608 1766 1829 1836 praefert
1878 1775 1929 1818 et
1992 1757 1994 1761 ’

117 1864 303 1936 ingerit
326 1864 390 1916 ‘in
427 1883 577 1936 opere
613 1875 728 1918 ante
775 1882 959 1936 paucos
1009 1882 1166 1917 annos
1201 1865 1405 1934 vulgato
1455 1874 1507 1917 et
1550 1864 1769 1936 pluribus
1805 1882 1928 1917 mox

116 1963 407 2017 editionibus
455 1964 667 2034 repetito
718 1973 768 2016 et
814 1964 991 2033 ubique
1028 1964 1346 2017 disseminato
1362 2003 1376 2029 ‚
1429 1963 1506 2017 cui
1541 1963 1775 2035 praefixit
1809 1964 1929 2016 titu-b

116 2063 242 2127 lum,
290 2064 378 2115 De
414 2070 554 2116 statu
589 2065 865 2116 Ecclesiae
912 2071 963 2116 et
1009 2065 1076 2116 de
1122 2066 1354 2132 leyitima
1391 2070 1656 2131 potestate
1696 2063 1932 2116 Romani

121 2163 423 2231 Pontificis,
471 2162 580 2231 quis
628 2180 730 2215 non
773 2162 994 2217 maxime
1028 2163 1254 2216 laudaret
1288 2163 1649 2233 probaretque,
1686 2162 1731 2214 si
1779 2162 1832 2214 in
1880 2162 1930 2213 id

119 2261 514 2330 consequendum
550 2261 613 2314 iis
649 2261 902 2332 principiis
937 2262 1206 2330 mediisque
1241 2276 1363 2314 usus
1401 2271 1553 2326 es'set5
1591 2278 1719 2330 quae
1751 2260 1929 2314 Eccle-

119 2359 428 2421 siasticorum
467 2359 658 2429 quidem
693 2360 843 2428 vitias*
873 2361 1054 2412 abusus
1091 2369 1142 2412 et
1178 2361 1483 2431 corruptelas
1518 2361 1831 2431 impeterent,
1869 2378 1928 2414 ac

119 2459 386 2528 genuinam
435 2469 716 2529 certamque
753 2458 1093 2512 Romanorum
1128 2458 1426 2513 Pontificum
1473 2459 1818 2535 auctoritatem
1855 2459 1927 2511 di-

119 2557 224 2611 vini
263 2558 393 2630 juris
446 2559 676 2629 primatui
721 2568 1074 2630 competentem
1123 2568 1310 2612 sartam
1356 2566 1538 2612 tectam
1601 2560 1927 2613 servassent?

119 2655 308 2711 Verum
345 2657 584 2729 principia
621 2667 672 2711 et
715 2658 876 2712 media
911 2670 969 2711 eo
1006 2658 1059 2709 in
1095 2675 1247 2729 opere
1280 2658 1478 2730 ingesta
1515 2658 1718 2711 eandem
1757 2666 1926 2711 aucto-

119 2755 318 2817 ritatem
367 2766 469 2808 non
516 2757 672 2808 solum
721 2775 790 2810 ex
838 2757 1092 2828 proposito
1141 2758 1431 2811 adoriuntur
1447 2797 1462 2824 ‚
1519 2758 1606 2811 sed
1656 2757 1729 2810 ita
1777 2758 1928 2810 etiam

121 2863 398 2906 extenuant
450 2855 695 2923 arctisque
741 2856 974 2908 limitibus
1021 2857 1397 2927 constringunt,
1445 2866 1503 2908 ut
1538 2857 1734 2918 Auctor
1779 2867 1927 2927 pecu-

119 2951 259 3013 liaris
321 2970 379 3005 ac
439 2946 729 3025 praecipuae
793 2953 1154 3025 jurisdictionis
1224 2955 1485 3026 primatum
1555 2974 1624 3009 ex
1685 2956 1925 3008 catholico

121 3052 350 3122 dogmate
404 3053 792 3121 concedendum,
855 3054 918 3106 ad
981 3054 1244 3125 primatum
1297 3055 1421 3108 meri
1475 3056 1580 3108 fere
1634 3054 1821 3108 ordinis
1876 3065 1927 3107 et

121 3150 323 3203 honoris
378 3163 617 3207 revocare
660 3152 917 3219 videatur3
971 3154 1054 3207 vel
1101 3154 1278 3206 saltem
1327 3172 1437 3207 eam
1473 3154 1638 3224 ‘ipsius
1685 3155 1925 3224 primatus

120 3249 432 3320 praecipuam
487 3261 538 3305 et
584 3251 832 3323 propriam
879 3251 980 3306 vim
1037 3270 1096 3305 ac
1145 3261 1471 3323 potestatem,
1529 3270 1673 3322 quam
1724 3238 1926 3306 summis

122 3346 442 3401 Pontificibus
486 3352 538 3402 in
585 3351 824 3403 unitatem
872 3369 930 3405 ac
978 3351 1362 3405 aedificationem
1399 3350 1657 3406 Ecclesiae
1693 3349 1925 3405 Christus

179 3439 224 3472 P.
256 3438 404 3473 Bauer.
445 3439 495 3474 ae
522 3441 726 3477 potestate
758 3444 832 3477 eto.
1225 3434 1227 3437 ’
1511 3437 1579 3490 10
1635 3472 1639 3476 -
