2326 3854
1036 167 1660 224 ——84—

421 339 525 390 sibi
552 342 823 409 pascendi
854 342 1037 409 yreyis
1077 355 1266 390 curam
1302 339 1576 388 commisit.
1660 337 1818 390 Omni
1855 341 1992 390 enim
2026 341 2184 392 Clero
2225 347 2276 391 ct

413 429 626 495 populo
678 427 771 478 IN
823 425 1058 478 UNUM
1107 422 1647 478 CONGREGATO
1707 432 1888 477 manet
1949 426 2276 496 obsequendi

421 515 524 566 sibi
558 516 866 577 necessitas,
907 518 961 563 et
993 530 1102 563 non
1142 516 1437 565 auctoritas
1465 512 1784 580 imperandi.
1859 509 1948 563 Ex
1988 512 2081 564 hac
2106 511 2274 585 itaque

419 610 679 672 gestorum
719 598 880 663 serie,
920 616 1069 667 quam
1108 617 1177 651 ex
1217 598 1518 670 antiquitate
1557 598 1881 668 deduximus,
1924 608 2131 671 apparet
2168 618 2275 652 ma-

418 688 629 752 nifeste,
668 686 792 738 nihil
827 685 911 739 vel
948 686 1055 738 fere
1092 685 1215 738 nihil
1265 687 1507 740 hactenus
1554 685 1688 739 inter
1727 686 2000 740 catholicos
2049 686 2274 758 potuisse

416 774 666 835 obtinere,
705 773 836 842 quod
874 770 1196 827 Pontificiam
1236 773 1591 826 auctoritatem
1630 773 1842 845 cuipiam
1879 771 2274 828 Ecclesiasticae

409 860 751 930 jurisdictioni
790 860 1087 932 subjiceret,
1127 861 1216 914 sed
1252 878 1452 932 semper
1489 861 1618 932 apud
1655 861 1792 932 ipsos
1819 861 2050 915 ’valuisse
2087 859 2273 934 princi-

414 947 548 1019 pium
585 947 729 1014 illud,
778 947 908 1018 quod
948 947 1144 1019 antiqui
1180 947 1340 1003 variis
1389 947 1738 1001 occasionibus
1787 948 2114 1020 ingesserunt
2153 967 2272 1002 con-

413 1043 625 1097 stanter,
656 1034 895 1107 judicium
934 1035 994 1088 de
1031 1035 1239 1088 summis
1265 1034 1595 1088 Pontificibus
1633 1035 1824 1089 nemini
1861 1035 2112 1089 hominum
2140 1054 2274 1089 eom-

411 1133 585 1194 petere
614 1125 733 1194 jure
771 1122 1048 1195 primatus,
1100 1142 1197 1193 quo
1238 1142 1347 1177 cum
1394 1122 1492 1195 ipsi
1531 1123 1820 1196 superiores
1873 1123 1974 1176 sint
2023 1123 2271 1188 omnibuS,

413 1228 515 1263 non
554 1219 767 1282 possunt
806 1210 866 1263 ab
898 1208 1229 1263 ,inferioribus
1259 1210 1493 1282 judicari.
2051 1206 2056 1210 ⁴

1131 1365 1139 1370 ·
1206 1321 1211 1326 ⁵
1246 1359 1293 1426 g.
1334 1357 1420 1410 111.

413 1461 476 1501 De
506 1461 739 1502 schismate
771 1461 897 1511 cujus
919 1463 1144 1504 occasione
1169 1464 1518 1505 adversariorum
1538 1465 1754 1505 sententia
1786 1467 1881 1504 orta
1905 1467 1967 1507 est
1998 1467 2146 1516 paullo
2172 1468 2271 1506 ‹mte

880 1524 1068 1575 synodos
1099 1524 1307 1565 Pisanum
1339 1528 1379 1565 ct
1415 1525 1798 1566 Constantiensem.

555 1609 643 1662 20.
721 1606 896 1661 Solum
935 1594 1162 1682 tempore
1199 1610 1592 1683 pertinacissimi
1630 1611 1738 1681 ejus
1777 1609 2093 1675 schismatiS,
2143 1611 2272 1680 quod

405 1705 520 1767 post
559 1695 858 1749 electionem
897 1695 1097 1751 Urbani
1142 1698 1237 1753 Vl.
1279 1718 1368 1771 per
1408 1716 1569 1751 annos
1607 1698 1714 1751 fere
1753 1697 2086 1768 quadraginta
2124 1699 2271 1754 disci-

410 1783 479 1835 dit
517 1781 820 1849 Ecclesiam,
859 1785 919 1838 de
961 1785 1284 1858 subjiciendis
1324 1785 1739 1839 contendentibus
1770 1782 2114 1856 jurisdictioni
2152 1804 2270 1839 con-

407 1870 506 1924 cilii
545 1871 855 1925 oecumenici
894 1873 1029 1926 serio
1058 1873 1273 1946 cogitari
1308 1873 1489 1946 coepit.
1567 1871 1670 1926 Sed
1699 1872 1988 1945 jurisdictio
2028 1874 2270 1945 ejusmodi

409 1959 463 2010 in
503 1959 703 2012 eosdem
745 1960 869 2012 adeo
908 1978 1042 2015 nova
1067 1961 1180 2015 visa
1219 1971 1314 2026 est,
1356 1971 1407 2014 et
1442 1960 1687 2033 primatus
1714 1959 1901 2013 rationi
1938 1978 1968 2012 a
1994 1961 2269 2032 majoribus

407 2046 625 2099 traditae
664 2047 787 2099 adeo
828 2047 1112 2114 contraria,
1162 2058 1219 2101 ut
1268 2068 1370 2101 non
1408 2048 1553 2103 facile
1593 2047 1746 2101 fuerit
1795 2046 1923 2100 hanc
1963 2044 2267 2102 sententiam

408 2133 636 2206 recipere
673 2134 915 2203 firmoque
955 2134 1157 2188 decreto
1190 2132 1467 2200 statuere(
1522 2132 1790 2188 Generalis
1839 2134 2032 2204 quidem
2074 2136 2269 2190 concilii

406 2219 759 2274 anctoritatem
797 2211 942 2274 initio
984 2223 1206 2294 ejusdem
1245 2222 1532 2292 schismatis
1570 2239 1855 2293 agnoscens
1893 2221 2000 2292 ipse
2027 2210 2267 2276 Urbanus

408 2327 465 2361 ac
516 2317 623 2360 tres
675 2305 977 2361 Cardinales
1027 2308 1143 2362 Itali
1170 2308 1247 2381 ἶ),
1300 2310 1717 2365 convocationem
1765 2307 2041 2362 faciendam
2087 2328 2268 2382 propo-

408 2405 618 2449 suerunt
687 2392 1043 2449 Cardinalibus
1111 2396 1419 2464 Gallicanis,
1470 2407 1525 2449 ut
1600 2395 1772 2450 statim
1839 2396 2024 2468 synodi
2079 2397 2266 2469 judicio

407 2483 622 2536 schisma
673 2482 1001 2556 impediretur
1021 2483 1095 2553 ²):
1147 2485 1431 2556 iterumque
1481 2494 1595 2557 post
1645 2483 1942 2537 electionem
1991 2482 2266 2538 Clementis

409 2571 470 2622 ad
509 2571 932 2642 comprimendum
969 2572 1187 2624 schisma
1212 2573 1304 2625 hac
1330 2572 1575 2625 electione
1610 2569 1876 2622 conflatum
1913 2571 2072 2642 ipsam
2110 2591 2265 2643 gene-

406 2658 563 2711 ralem
589 2659 838 2730 synodum
878 2658 1049 2710 statim
1083 2658 1395 2712 indicendam
1423 2668 1475 2712 et
1500 2657 1902 2728 congregandam
1929 2659 2263 2729 postularunt.

406 2745 519 2799 Hac
559 2756 724 2806 autem
763 2745 1128 2800 convocatione
1166 2745 1285 2798 illud
1335 2763 1485 2816 unum
1517 2746 1601 2815 jus
1638 2744 1957 2796 tribuendum
1996 2757 2107 2800 erat
2146 2766 2266 2800 con·

408 2833 539 2898 cilio,
579 2834 710 2905 quod
747 2843 799 2886 et
836 2834 898 2887 ab
926 2833 1145 2904 antiquis
1172 2834 1434 2905 probatum
1461 2832 1573 2897 fuit,
1613 2831 1846 2905 nimirum
1868 2831 1914 2903 3)
1955 2852 2264 2905 cognoscere

409 2931 460 2975 et
491 2921 737 2993 judicare,
776 2939 893 2973 num
931 2931 982 2974 et
1019 2923 1158 2993 cujus
1197 2920 1375 2974 electio
1402 2919 1554 2973 fuerit
1579 2919 1822 2991 legitima,
1860 2930 1917 2972 ut
1954 2920 2264 2993 reciperetur

537 3112 572 3166 ¹)
605 3114 810 3166 Raynald.
853 3126 922 3153 an.
964 3114 1095 3153 1378.
1128 3126 1174 3155 n.
1206 3113 1280 3154 42.
1316 3117 1358 3152 et
1389 3113 1461 3153 43.
1505 3125 1601 3164 pag.
1634 3112 1735 3154 331.
1779 3096 1849 3150 ubi
1881 3111 1975 3150 Itan
2018 3111 2260 3152 Cardinales

410 3175 643 3215 scribentes
674 3175 729 3214 ad
758 3175 981 3226 Urbanum,
1015 3174 1110 3213 dum
1142 3187 1187 3214 se
1217 3186 1308 3213 cum
1331 3173 1625 3213 cardinalibus
1647 3171 1876 3213 Gallicanis
1907 3172 1960 3211 de
1991 3174 2262 3213 convocanda

410 3235 572 3289 synodo
606 3236 768 3275 locutos
799 3234 1006 3275 affirmant
1030 3233 1161 3284 juxta
1193 3234 1391 3275 condicta
1423 3245 1569 3275 coram
1598 3235 1739 3272 vestra
1759 3231 2022 3284 praesentia,
2052 3232 2259 3273 Urbanum

410 3295 542 3346 ipsum
572 3296 651 3335 hac
682 3296 725 3335 in
757 3307 804 3334 re
836 3296 1167 3336 consentientem
1196 3293 1450 3345 significant.

535 3365 575 3420 2)
607 3369 734 3409 Idem.
767 3381 863 3408 ann.
896 3355 1029 3409 1379.
1059 3382 1168 3409 num.
1201 3370 1245 3409 2.
1279 3372 1321 3409 et
1340 3369 1386 3408 3.

538 3438 574 3491 ³)
607 3443 670 3498 De
703 3443 780 3483 hac
811 3444 1058 3495 quaestione
1100 3443 1305 3495 agendum
1345 3455 1396 3482 ac
1434 3429 1708 3482 decidendum
1751 3441 1793 3480 in
1839 3441 2014 3481 concilio
2047 3441 2174 3493 liquet
2206 3453 2257 3481 ex

413 3501 660 3542 documento
695 3504 805 3554 apud
836 3503 1010 3543 eundem
1042 3503 1301 3554 Raynaldum
1334 3514 1400 3542 an.
1434 3502 1564 3543 1379.
1598 3513 1705 3541 num.
1737 3501 1780 3541 4.
1812 3513 1908 3554 pag.
1941 3501 2044 3540 371.
