2326 3854
910 133 1573 191 ——230-—-

315 302 700 358 observationes
731 304 840 374 jam
879 301 940 354 ab
978 318 1062 353 an.
1105 299 1265 356 1756.
1304 298 1541 355 Venetiis
1578 299 1650 373 (t.
1680 301 1732 355 2.
1761 299 1917 373 Oper.
1943 300 2002 358 S.
2028 302 2167 360 Leo-

314 390 446 460 niS.)
485 391 674 460 editas,
712 406 839 460 quae
875 405 979 440 non
1017 387 1174 443 solam
1213 387 1572 461 particularem
1609 387 1795 443 Hilarii
1831 406 2036 445 causam
2072 411 2167 447 ex-

312 479 530 552 plicant,
588 479 677 532 sed
712 474 1062 547 Apostolicum
1100 476 1388 547 quoque'in
1435 495 1499 530 ea
1549 476 1761 547 aliisque
1795 473 2170 549 Episcopalium

315 566 703 639 appellationum
750 563 916 617 causis
956 565 1043 635 jus
1099 564 1493 619 luculentissime
1529 564 1818 633 vindicant,
1867 565 1912 618 si
1958 565 2171 637 legisset

312 652 633 719 Febronius3
673 651 877 718 nescio,
927 661 1095 705 utrum
1132 662 1239 706 tam
1289 652 1598 707 confidenter
1644 652 1895 725 potuisset
1942 662 2171 707 sanctum

315 739 615 793 Pontificem
651 739 910 795 vellicare.

458 825 633 879 Aliam
672 845 967 893 censuram,
1007 845 1106 897 qua
1154 845 1264 899 cap.
1306 828 1358 879 5.
1410 827 1458 895 ἕ.
1497 826 1551 879 4.
1602 845 1655 879 n.
1695 824 1748 879 3.
1800 828 2012 883 eundem
2050 846 2171 882 san-

314 923 449 969 ctum
486 912 788 970 Pontificem
825 914 1004 988 pungit
1021 957 1038 977 ‚
1075 931 1137 970 ac
1173 913 1220 967 si
1257 917 1596 969 auctoritatis
1634 934 1765 969 suae
1802 918 2170 970 commendan-

313 1005 418 1060 dae
463 1005 688 1058 ntultum
736 1006 1008 1058 studiosus
1046 1003 1223 1058 NON
1267 999 1633 1058 PETJTAM
1671 1005 1892 1058 concilii
1927 1000 2172 1075 (Chalce-

314 1089 584 1162 donensis)
646 1095 1109 1164 confirmationem
1161 1094 1340 1161 fuerit
1399 1093 1730 1161 impertitus,
1770 1089 1886 1163 ipse
1943 1087 2003 1144 S.
2058 1089 2179 1145 Leo-

314 1177 469 1233 solvit
505 1178 844 1250 apertissime,
883 1199 996 1234 cum
1033 1198 1144 1233 eam
1180 1197 1214 1233 a
1249 1177 1519 1233 Marciano
1557 1176 1871 1250 Imperatore
1907 1182 2016 1252 (ep,
2048 1181 2170 1235 110.

312 1264 449 1320 inter
485 1264 654 1320 Leon.
696 1286 775 1339 ep.
820 1266 977 1339 114.)
1018 1266 1259 1339 petitam,
1297 1284 1401 1320 non
1439 1265 1537 1319 alio
1574 1266 1674 1320 fine
1724 1284 1781 1320 se
1818 1267 2018 1322 dedisse
2053 1287 2171 1340 pro-

313 1361 550 1419 testetur,
590 1353 692 1406 nisi
729 1363 785 1406 ut
819 1354 884 1407 iis
922 1353 1176 1419 obviaret,
1215 1352 1300 1423 qui
1337 1353 1538 1407 dubium
1576 1363 1890 1425 sparserant,
1929 1373 2047 1409 num
2085 1355 2172 1409 de-

312 1439 593 1495 finitionem
630 1441 744 1495 fidei
782 1460 812 1494 a
850 1439 1078 1496 Concilio
1116 1439 1302 1494 editam
1342 1440 1680 1512 approbaret,
1729 1442 1845 1495 dum
1883 1441 2172 1514 disciplinae

315 1527 593 1583 canonibus
632 1529 910 1584 novitatem
950 1527 1302 1583 inducentibus
1341 1527 1532 1582 acriter
1557 1527 1852 1582 restitisset.
1898 1527 1955 1581 Id
1978 1527 2174 1583 Leonis

313 1616 530 1670 studium
566 1617 620 1671 in
657 1616 984 1671 custodienda
1021 1625 1073 1670 et
1094 1615 1396 1671 vindicanda
1431 1615 1528 1669 fide
1551 1616 1884 1682 commendat,
1921 1635 2024 1670 non
2049 1636 2174 1672 vero

315 1704 648 1776 amplificandi
676 1705 810 1777 juris
849 1704 1015 1760 nisum
1054 1702 1355 1759 subindicat.

462 1791 590 1847 Sed,
612 1792 730 1864 quid
778 1793 831 1847 in
877 1789 1247 1848 his1Febr0nii
1294 1790 1488 1847 nisibus
1543 1790 1862 1846 excutiendis
1918 1812 2175 1848 moramur

312 1879 571 1951 pluribus?
609 1879 699 1936 Ille
738 1890 889 1945 certe
914 1879 1056 1934 nisus
1094 1879 1336 1933 mirificus
1369 1877 1532 1935 videri
1569 1880 1733 1943 debet,
1770 1899 1867 1951 quo
1907 1881 2176 1954 amplifica-

312 1967 508 2022 toribus
545 1967 849 2023 Pontificiae
898 1967 1216 2026 auctoritatis
1262 1968 1626 2022 accensendum
1678 1968 1888 2022 credidit
1921 1968 2075 2022 etiam
2112 1965 2172 2023 S.

317 2053 624 2128 Gregorium
654 2056 924 2128 *Magnum
943 2096 957 2122 ,
1025 2057 1164 2128 cujus
1230 2054 1450 2109 studium
1513 2075 1544 2109 a
1606 2055 1947 2110 dominatione
2003 2066 2057 2110 et
2109 2057 2172 2111 ab

315 2144 546 2215 augenda
585 2162 676 2197 sua
715 2144 1018 2198 auctoritate
1065 2141 1425 2197 alienissimum
1465 2141 1759 2195 testimonia
1796 2143 1856 2196 de
1893 2143 2174 2203 hnmilitate

315 2232 535 2303 ejusdem
576 2233 637 2286 ab
676 2232 786 2305 ipso
823 2231 1082 2286 Febronio
1118 2231 1320 2284 laudata
1355 2228 1676 2284 manifestum
1715 2229 1922 2284 faciunt.

1108 2368 1182 2464 §-
1242 2393 1360 2459 vn.

318 2498 371 2539 1η
404 2501 616 2553 quaedam
647 2503 746 2544 ιοσα
777 2500 1007 2550 Febronii,
1049 2502 1126 2549 ubi
1158 2500 1467 2548 auctoritatem.
1497 2497 1762 2551 Pontificum
1802 2501 1852 2542 in
1881 2500 2177 2553 provinciales

739 2562 927 2622 synodos
960 2565 1001 2603 et
1029 2562 1080 2603 in
1111 2561 1348 2617 majoribus
1377 2561 1526 2614 ⁴cau-sis
1557 2561 1741 2609 vellicat.

458 2659 658 2733 Negari
696 2681 800 2722 non
837 2671 1021 2735 potest,
1061 2662 1183 2732 quin
1219 2661 1338 2719 olim
1376 2670 1428 2714 et
1465 2680 1556 2733 per
1593 2662 1748 2717 multa
1773 2661 1975 2715 saecula
2011 2661 2174 2732 plera-

313 2766 409 2819 que
454 2748 508 2800 in
545 2746 790 2810 Ecclesiis
840 2759 1145 2821 gererentur
1192 2748 1494 2807 auctoritate
1530 2747 1900 2821 Episcoporum
1947 2758 1999 2803 et
2037 2746 2176 2803 Con-

314 2836 539 2897 ciliorum
575 2838 989 2908 particularium,
1041 2835 1391 2896 Romanor-um
1437 2855 1562 2897 vero
1599 2834 1905 2895 Pontificum
1955 2836 2176 2896 auctori-

311 2933 500 2989 tatem,
547 2924 645 2981 etsi
682 2945 924 2986 summam
965 2926 1261 2998 aeplenam
1299 2943 1391 2997 per
1438 2942 1494 2984 se
1543 2924 1596 2981 in
1646 2924 1890 2984 universa
1925 2922 2174 2990 Ecclesia,

313 3030 417 3066 non
453 3022 623 3070 tamen
661 3013 817 3073 fuisse
854 3013 1069 3086 passim,
1108 3032 1203 3072 nec
1240 3013 1317 3070 ab·
1339 3011 1570 3072 omnibus
1607 3011 1919 3083 requisitam..
1995 3009 2174 3067 Serius

314 3100 558 3170 quaedam
595 3100 818 3168 inducta,
858 3112 910 3155 et
947 3102 1009 3155 ab
1047 3101 1146 3154 illis
1173 3110 1340 3172 gesta,
1381 3118 1510 3170 quae
1535 3099 1674 3172 prius
1699 3117 1801 3158 nou
1827 3098 2172 3156 obtinuerant.

315 3185 443 3242 Cum
479 3207 602 3251 vero
644 3189 984 3261 distinguatur
1023 3198 1248 3261 potestas
1297 3207 1327 3242 a
1363 3186 1632 3260 potestatis
1671 3205 1766 3244 usu
1804 3185 2003 3259 (potest
2041 3186 2174 3241 enim

314 3274 425 3345 quis
465 3275 619 3335 etiam
658 3277 842 3334 diutius
889 3296 991 3331 non
1029 3277 1103 3330 uti
1153 3288 1216 3336 ea
1263 3285 1516 3349 potesta-te
1566 3293 1664 3345 qua
1699 3273 1942 3342 fruitur);
1994 3275 2174 3329 adver-

315 3362 440 3417 sarii
465 3362 766 3423 Pontificiae
804 3365 1124 3423 auctoritatis
1161 3365 1291 3423 male
1328 3381 1539 3437 prorsus
1576 3361 1674 3433 ipsi
1709 3371 2012 3435 potestatem
2049 3362 2174 3419 mul-

313 3448 380 3504 tis
418 3449 469 3507 in
509 3452 826 3510 facultatibus
865 3471 935 3510 ex
974 3472 1034 3507 eo
1071 3453 1355 3522 denegant,
1406 3449 1522 3520 quia
1561 3449 1780 3520 antiquis
1819 3449 2036 3510 saeculis
2074 3448 2173 3503 eis÷
