2326 3854
1178 147 1301 185 XLII

441 285 602 343 Haec
672 288 790 344 fere
864 288 1034 346 futilis
1102 288 1246 362 quod
1314 293 1577 344 accurate
1647 292 1908 364 exposuit
1958 290 2027 346 F.
2089 291 2162 346 A.

311 372 589 431 Zaccaria
659 379 712 432 in
781 375 1168 433 Antifebronio
1234 374 1435 432 vindic.
1497 395 1551 451 p.
1604 376 1646 430 Ι.
1708 395 1754 432 c.
1805 376 1897 436 IL·
1937 377 2162 436 Febre-

311 464 459 519 niani
510 467 837 536 systematis
876 482 1125 539 summa,
1187 465 1241 519 in
1287 482 1392 538 quo
1427 465 1766 522 elaborando
1805 464 2162 541 Myriophy-

311 557 474 607 tanus
531 555 691 609 varia
745 554 959 608 auxilia
1015 552 1206 608 habuit
1264 554 1516 623 ejusdem
1576 553 1839 625 furfuris,
1900 555 2165 628 imprimis

311 637 623 716 Georgium
685 638 1150 715 christophorum
1199 639 1533 717 Nellerum7
1595 639 1712 698 SS.
1761 638 2055 697 Canouum
2109 644 2162 698 in

310 727 620 784 Academia
672 728 1002 785 'frevirensi
1057 727 1482 805 Professorem,
1529 742 1705 804 'quem
1749 730 2019 787 haeretici
2064 749 2164 804 pro

310 817 591 891 praestitis
660 817 987 892 collatisque
1058 819 1110 872 in
1173 816 1538 875 Febronianis
1615 819 1873 895 operibus
1945 819 2164 892 compi—

310 904 489 959 landis
543 905 806 982 auxiliiS,
874 907 1028 961 miris
1081 905 1335 962 laudibus
1391 906 1765 962 celebrarunt.
1840 905 2164 981 Interpola-

311 998 462 1048 tores
522 994 612 1050 isti
667 993 1042 1050 Trevirenses
1105 1012 1297 1050 omnes
1353 996 1600 1050 sentinas
1661 994 1933 1050 malorum
1984 995 2166 1051 libro-

310 1100 431 1136 rum
484 1086 909 1158 congesserunt.
1012 1078 1401 1158 Compilarunt
1446 1083 1734 1138 scientiam
1780 1083 1848 1138 ab
1909 1085 2167 1156 apostata

310 1169 407 1225 illo
465 1169 678 1226 famoso
734 1168 816 1225 M.
869 1169 1113 1228 Antonio
1173 1170 1244 1226 de
1302 1169 1556 1227 Dominis
1612 1173 1670 1226 et
1724 1168 2166 1227 Melanchthone

310 1258 546 1332 aliisque
590 1258 925 1333 haereticis3
981 1259 1300 1334 expilarunt
1346 1260 1512 1315 etiam
1549 1256 1778 1315 Petrum
1825 1258 1897 1314 de
1941 1257 2168 1315 Alliaco

313 1350 545 1420 ejusque
591 1346 919 1422 discipulum
950 1347 1231 1403 Joannem
1265 1345 1603 1424 Ger-sonem,
1651 1346 1950 1404 'Postatum
1994 1346 2163 1403 Abu-

310 1435 548 1510 lensem,
595 1433 895 1491 Nicolaum
923 1431 1238 1509 Cusanum3
1286 1437 1334 1491 si
1367 1453 1510 1509 quae
1556 1452 1756 1510 nempe
1801 1435 1859 1490 hi
1906 1439 2165 1491 auctores

310 1522 720 1579 inconsiderate
766 1525 889 1579 sive
920 1525 1678 1600 praepostere..scripserant7
1726 1523 1890 1579 avide
1925 1525 2027 1579 sibi
2060 1542 2164 1578 ar-

310 1611 618 1684 ripuerunt.
695 1608 1032 1686 Cumprimis
1076 1617 1263 1667 autem
1307 1611 1548 1685 undique
1581 1613 1767 1667 omnia
1811 1618 2168 1667 corraserant

309 1715 386 1753 ex
431 1696 725 1755 Edmundo
772 1697 1067 1776 nichel-io,
1113 1697 1294 1755 Paulo
1342 1697 1573 1775 Sarpio‚
1617 1699 1840 1755 Joanne
1878 1694 2167 1776 Launojo⁷

309 1785 599 1843 Ludovico
646 1786 912 1864 Dupini09
958 1786 1188 1864 Natali⁷
1237 1784 1478 1844 Claudio
1525 1786 1783 1860 Fleury:
1828 1787 1934 1843 hos
1982 1789 2166 1845 alios—

311 1892 417 1948 que
451 1875 724 1946 ejusmodi
747 1876 1059 1932 Febronius
1089 1876 1506 1932 laudatissimos
1551 1876 1720 1932 habet
1749 1881 1994 1948 majores
2030 1894 2165 1932 suos

311 1966 368 2018 et
411 1965 746 2040 magistros:
794 1967 979 2021 tantos
1025 1963 1288 2021 videlicet
1331 1965 1517 2039 viros,
1565 1981 1734 2020 veras
1765 1961 2065 2020 Ecclesiae
2110 1965 2165 2019 in

312 2055 369 2106 et
409 2055 572 2126 extra
618 2048 875 2108 Concilia
920 2053 1208 2109 columnas
1253 2053 1431 2128 longe
1477 2051 1728 2126 praefert
1773 2050 2167 2127 Scholasticis,
2207 2114 2213 2118 ,

313 2145 367 2197 et
398 2141 507 2196 illis
545 2140 936 2215 opitulantibus
977 2137 1268 2197 Summum
1303 2138 1632 2196 Pontificem
1667 2142 1839 2196 abeo
1873 2142 2168 2215 potestatis

312 2232 368 2284 et
398 2229 685 2304 dignitatis
718 2228 970 2306 fastigio,
1002 2230 1058 2284 in
1090 2246 1196 2302 quo
1229 2247 1265 2284 a
1296 2225 1524 2284 Christo
1557 2230 1677 2303 ipso
1707 2232 1966 2302 tanquam
2005 2229 2166 2304 legi-

311 2318 474 2373 timus
505 2316 659 2373 Petri
692 2314 1009 2373 Successor
1053 2317 1270 2379 locatus
1318 2321 1425 2392 est,
1472 2317 1716 2390 deJicere
1764 2335 1831 2373 ac
1869 2316 2167 2373 deturbare

311 2410 561 2462 conatur.
629 2403 752 2460 Has
785 2406 916 2460 item
947 2404 1019 2461 ad
1051 2407 1300 2461 sentinas
1333 2406 1633 2461 etiamnum
1678 2405 1945 2461 advolant
1976 2422 2168 2462 omnes

311 2494 404 2566 qui
447 2492 778 2549 labefacturi
824 2497 953 2549 sunt
997 2494 1164 2568 impio
1211 2496 1415 2549 conatu
1467 2497 1721 2548 sanctam·
1746 2492 1900 2549 Petri
1939 2491 2166 2549 Sedem.

310 2579 420 2642 Ast
462 2581 706 2656 lapidem
750 2582 1051 2636 verberant
1093 2577 1517 2636 inconcussum!
1577 2579 1737 2635 Itane
1772 2597 1910 2636 vero
1959 2580 2166 2637 confu-

312 2670 474 2747 giunt
521 2669 591 2724 ad
636 2669 798 2743 illos,
846 2669 1021 2743 lapsis
1068 2670 1380 2742 quaesitum
1426 2668 1658 2724 oracula
1702 2666 1902 2724 rebus!

442 2757 779 2813 Febronium
828 2757 1004 2812 solide
1051 2756 1364 2813 refutarunt
1393 2755 1465 2811 F.
1495 2754 1568 2811 A.
1599 2755 1879 2812 Zaccaria
1908 2757 1963 2811 in
1996 2773 2168 2830 opere

312 2846 399 2900 cui
445 2846 667 2902 titulus:
728 2843 1248 2918 Antif'ebronius,
1299 2849 1356 2901 et
1401 2843 1887 2918 Antifebronius
1945 2842 2168 2899 Vindi-

314 2938 512 3010 catus,
558 2951 661 2990 nec
693 2950 802 2988 non
835 2939 997 2990 autor
1027 2938 1219 2990 noster
1242 2932 1445 2990 Petrus
1462 2931 1821 2990 Ballerinius.
1900 2928 2168 2988 Ceterum

311 3020 795 3097 Myriophytanus
829 3039 882 3078 a.
921 3021 1102 3081 1778.
1136 3021 1471 3098 palinodiam
1511 3023 1740 3099 cecinit,
1791 3023 1846 3078 in
1884 3039 1991 3094 qua
2025 3021 2168 3077 inter

312 3114 506 3167 cetera
545 3108 833 3186 profitetur
866 3111 1116 3187 „claves
1150 3128 1454 3167 concessas
1490 3128 1620 3167 esse
1652 3127 1688 3165 a
1724 3105 1954 3164 Christo
1987 3113 2044 3164 et
2074 3110 2167 3164 uni

311 3197 481 3256 Petro
531 3203 587 3256 et
621 3197 865 3272 Unitati3
915 3200 1131 3255 scilicet
1161 3198 1321 3256 datas
1371 3216 1502 3256 esse
1527 3199 1623 3254 uni
1651 3195 1845 3269 Petro,
1895 3200 2166 3271 quatenus

311 3287 410 3342 ille
468 3290 759 3362 primatum
807 3292 862 3343 et
907 3289 1199 3364 regiminis
1246 3290 1579 3362 potestatem
1626 3287 1910 3360 acceperit
1956 3303 1991 3340 a
2035 3283 2166 3341 Do-

313 3376 494 3451 mino,
542 3375 797 3452 idemque
845 3392 1142 3450 personam
1186 3376 1356 3433 totius
1388 3372 1686 3434 Ecclesiae
1734 3391 1837 3429 ceu
1876 3390 2167 3449 supremus

314 3463 565 3536 ejusdem
610 3468 736 3538 post
783 3458 1070 3519 Christum
1131 3468 1188 3521 et
1234 3463 1333 3520 sub
1381 3459 1609 3520 Christo
1656 3460 1874 3519 Rector
1925 3466 1980 3518 et
2023 3460 2166 3519 Μο-
