<?xml version="1.0" encoding="UTF-8"?>
<!DOCTYPE html PUBLIC "-//W3C//DTD XHTML 1.0 Transitional//EN"
    "http://www.w3.org/TR/xhtml1/DTD/xhtml1-transitional.dtd">
<html xmlns="http://www.w3.org/1999/xhtml" xml:lang="en" lang="en">
 <head>
  <title>
</title>
<meta http-equiv="Content-Type" content="text/html;charset=utf-8" />
  <meta name='ocr-system' content='tesseract 3.04.00' />
  <meta name='ocr-capabilities' content='ocr_page ocr_carea ocr_par ocr_line ocrx_word'/>
</head>
<body>
  <div class='ocr_page' id='page_1' title='image "./ra546170800balluoft_0117.png"; bbox 0 0 2326 3854; ppageno 0'>
   <div class='ocr_carea' id='block_1_1' title="bbox 679 179 1270 235">
    <p class='ocr_par' dir='ltr' id='par_1_1' title="bbox 679 179 1270 235">
     <span class='ocr_line' id='line_1_1' title="bbox 679 179 1270 235; baseline -0.01 -13"><span class='ocrx_word' id='word_1_1' title='bbox 679 214 842 222; x_wconf 52' lang='grc' dir='ltr'>-Μ</span> <span class='ocrx_word' id='word_1_2' title='bbox 935 179 1270 235; x_wconf 39' lang='grc' dir='ltr'>ΜΗ</span> 
     </span>
    </p>
   </div>
   <div class='ocr_carea' id='block_1_2' title="bbox 69 340 1884 3381">
    <p class='ocr_par' dir='ltr' id='par_1_2' title="bbox 70 340 1878 922">
     <span class='ocr_line' id='line_1_2' title="bbox 73 340 1873 413; baseline -0.002 -16"><span class='ocrx_word' id='word_1_3' title='bbox 73 344 200 412; x_wconf 78' lang='lat' dir='ltr'>Quid</span> <span class='ocrx_word' id='word_1_4' title='bbox 237 345 344 396; x_wconf 85' lang='lat' dir='ltr'>ita?</span> <span class='ocrx_word' id='word_1_5' title='bbox 401 342 532 410; x_wconf 78' lang='lat' dir='ltr'>Quia</span> <span class='ocrx_word' id='word_1_6' title='bbox 570 344 755 397; x_wconf 87' lang='lat' dir='ltr'>scilicet</span> <span class='ocrx_word' id='word_1_7' title='bbox 793 344 859 395; x_wconf 90' lang='lat' dir='ltr'>illi</span> <span class='ocrx_word' id='word_1_8' title='bbox 897 343 958 396; x_wconf 93' lang='lat' dir='ltr'>ob</span> <span class='ocrx_word' id='word_1_9' title='bbox 1010 341 1408 413; x_wconf 75' lang='lat' dir='ltr'>approbationem</span> <span class='ocrx_word' id='word_1_10' title='bbox 1447 340 1706 392; x_wconf 82' lang='lat' dir='ltr'>Romanae</span> <span class='ocrx_word' id='word_1_11' title='bbox 1745 341 1873 393; x_wconf 90' lang='lat' dir='ltr'>sedis</span> 
     </span>
     <span class='ocr_line' id='line_1_3' title="bbox 70 424 1877 499; baseline -0.003 -16"><span class='ocrx_word' id='word_1_12' title='bbox 70 430 166 483; x_wconf 90' lang='lat' dir='ltr'>vim</span> <span class='ocrx_word' id='word_1_13' title='bbox 217 439 267 482; x_wconf 92' lang='lat' dir='ltr'>et</span> <span class='ocrx_word' id='word_1_14' title='bbox 314 429 658 483; x_wconf 84' lang='lat' dir='ltr'>auctoritatem</span> <span class='ocrx_word' id='word_1_15' title='bbox 707 427 957 499; x_wconf 85' lang='lat' dir='ltr'>generalis</span> <span class='ocrx_word' id='word_1_16' title='bbox 1003 427 1193 497; x_wconf 81' lang='lat' dir='ltr'>synodi</span> <span class='ocrx_word' id='word_1_17' title='bbox 1237 428 1432 479; x_wconf 81' lang='lat' dir='ltr'>fuerant</span> <span class='ocrx_word' id='word_1_18' title='bbox 1486 424 1767 488; x_wconf 83' lang='lat' dir='ltr'>consecuti,</span> <span class='ocrx_word' id='word_1_19' title='bbox 1828 435 1877 477; x_wconf 91' lang='lat' dir='ltr'>et</span> 
     </span>
     <span class='ocr_line' id='line_1_4' title="bbox 70 509 1877 573; baseline -0.004 -6"><span class='ocrx_word' id='word_1_20' title='bbox 70 515 249 568; x_wconf 87' lang='lat' dir='ltr'>idcirco</span> <span class='ocrx_word' id='word_1_21' title='bbox 294 516 447 568; x_wconf 88' lang='lat' dir='ltr'>totius</span> <span class='ocrx_word' id='word_1_22' title='bbox 482 513 738 567; x_wconf 81' lang='lat' dir='ltr'><strong>Ecclesiae</strong></span> <span class='ocrx_word' id='word_1_23' title='bbox 782 511 1103 566; x_wconf 84' lang='lat' dir='ltr'>veneratione</span> <span class='ocrx_word' id='word_1_24' title='bbox 1150 521 1293 563; x_wconf 86' lang='lat' dir='ltr'>erant</span> <span class='ocrx_word' id='word_1_25' title='bbox 1338 509 1642 573; x_wconf 82' lang='lat' dir='ltr'>consecrati,</span> <span class='ocrx_word' id='word_1_26' title='bbox 1693 527 1877 560; x_wconf 86' lang='lat' dir='ltr'>memo·-</span> 
     </span>
     <span class='ocr_line' id='line_1_5' title="bbox 71 592 1874 666; baseline -0.002 -16"><span class='ocrx_word' id='word_1_27' title='bbox 71 609 230 651; x_wconf 84' lang='lat' dir='ltr'>ratum</span> <span class='ocrx_word' id='word_1_28' title='bbox 266 617 385 665; x_wconf 85' lang='lat' dir='ltr'>vero</span> <span class='ocrx_word' id='word_1_29' title='bbox 412 597 811 652; x_wconf 87' lang='lat' dir='ltr'>Chalcedonense</span> <span class='ocrx_word' id='word_1_30' title='bbox 837 597 1103 659; x_wconf 87' lang='lat' dir='ltr'>decretum,</span> <span class='ocrx_word' id='word_1_31' title='bbox 1142 598 1248 665; x_wconf 90' lang='lat' dir='ltr'>ejus</span> <span class='ocrx_word' id='word_1_32' title='bbox 1274 592 1643 666; x_wconf 82' lang='lat' dir='ltr'>approbationis</span> <span class='ocrx_word' id='word_1_33' title='bbox 1670 608 1874 664; x_wconf 68' lang='lat' dir='ltr'>expePS‘,</span> 
     </span>
     <span class='ocr_line' id='line_1_6' title="bbox 72 678 1876 756; baseline -0.003 -20"><span class='ocrx_word' id='word_1_34' title='bbox 72 685 270 736; x_wconf 81' lang='lat' dir='ltr'>carebat</span> <span class='ocrx_word' id='word_1_35' title='bbox 306 682 551 753; x_wconf 85' lang='lat' dir='ltr'>generalis</span> <span class='ocrx_word' id='word_1_36' title='bbox 577 680 767 751; x_wconf 83' lang='lat' dir='ltr'>Synodi</span> <span class='ocrx_word' id='word_1_37' title='bbox 804 680 1115 743; x_wconf 84' lang='lat' dir='ltr'>auctoritate,</span> <span class='ocrx_word' id='word_1_38' title='bbox 1155 698 1250 756; x_wconf 86' lang='lat' dir='ltr'>qua</span> <span class='ocrx_word' id='word_1_39' title='bbox 1277 681 1539 733; x_wconf 81' lang='lat' dir='ltr'>accedente</span> <span class='ocrx_word' id='word_1_40' title='bbox 1578 678 1678 749; x_wconf 87' lang='lat' dir='ltr'>(uti</span> <span class='ocrx_word' id='word_1_41' title='bbox 1703 689 1876 750; x_wconf 88' lang='lat' dir='ltr'>postea</span> 
     </span>
     <span class='ocr_line' id='line_1_7' title="bbox 70 762 1878 836; baseline -0.002 -17"><span class='ocrx_word' id='word_1_42' title='bbox 70 769 265 820; x_wconf 88' lang='lat' dir='ltr'>tandem</span> <span class='ocrx_word' id='word_1_43' title='bbox 303 765 539 836; x_wconf 83' lang='lat' dir='ltr'>accessit)</span> <span class='ocrx_word' id='word_1_44' title='bbox 578 765 791 818; x_wconf 86' lang='lat' dir='ltr'>Nicaeni</span> <span class='ocrx_word' id='word_1_45' title='bbox 839 762 1050 818; x_wconf 86' lang='lat' dir='ltr'>Concilii</span> <span class='ocrx_word' id='word_1_46' title='bbox 1097 764 1351 834; x_wconf 79' lang='lat' dir='ltr'>disciplina</span> <span class='ocrx_word' id='word_1_47' title='bbox 1396 765 1446 815; x_wconf 89' lang='lat' dir='ltr'>in</span> <span class='ocrx_word' id='word_1_48' title='bbox 1485 762 1878 817; x_wconf 86' lang='lat' dir='ltr'>Chalcedonensi</span> 
     </span>
     <span class='ocr_line' id='line_1_8' title="bbox 71 851 666 922; baseline -0.003 -19"><span class='ocrx_word' id='word_1_49' title='bbox 71 852 247 904; x_wconf 89' lang='lat' dir='ltr'>mutari</span> <span class='ocrx_word' id='word_1_50' title='bbox 282 851 541 922; x_wconf 85' lang='lat' dir='ltr'>potuisset.</span> <span class='ocrx_word' id='word_1_51' title='bbox 644 859 666 866; x_wconf 72' lang='grc'>”’</span> 
     </span>
    </p>

    <p class='ocr_par' dir='ltr' id='par_1_3' title="bbox 69 929 1884 3381">
     <span class='ocr_line' id='line_1_9' title="bbox 210 929 1873 1005; baseline -0.002 -18"><span class='ocrx_word' id='word_1_52' title='bbox 210 937 258 988; x_wconf 71' lang='grc'>2.</span> <span class='ocrx_word' id='word_1_53' title='bbox 331 934 410 986; x_wconf 88' lang='lat' dir='ltr'>Ad</span> <span class='ocrx_word' id='word_1_54' title='bbox 462 937 554 988; x_wconf 91' lang='lat' dir='ltr'>hoc</span> <span class='ocrx_word' id='word_1_55' title='bbox 600 934 962 1005; x_wconf 80' lang='lat' dir='ltr'>apertissimum</span> <span class='ocrx_word' id='word_1_56' title='bbox 1010 937 1353 1002; x_wconf 67' lang='lat' dir='ltr'>argumentum</span> <span class='ocrx_word' id='word_1_57' title='bbox 1412 929 1691 985; x_wconf 89' lang='lat' dir='ltr'>elidendum</span> <span class='ocrx_word' id='word_1_58' title='bbox 1731 950 1873 1002; x_wconf 88' lang='lat' dir='ltr'>quam</span> 
     </span>
     <span class='ocr_line' id='line_1_10' title="bbox 69 1015 1873 1087; baseline -0.001 -15"><span class='ocrx_word' id='word_1_59' title='bbox 69 1021 259 1072; x_wconf 87' lang='lat' dir='ltr'>infirma</span> <span class='ocrx_word' id='word_1_60' title='bbox 296 1028 410 1072; x_wconf 88' lang='lat' dir='ltr'>sunt</span> <span class='ocrx_word' id='word_1_61' title='bbox 446 1020 530 1071; x_wconf 90' lang='lat' dir='ltr'>illa</span> <span class='ocrx_word' id='word_1_62' title='bbox 567 1019 678 1083; x_wconf 74' lang='lat' dir='ltr'>duo,</span> <span class='ocrx_word' id='word_1_63' title='bbox 709 1037 837 1087; x_wconf 86' lang='lat' dir='ltr'>quae</span> <span class='ocrx_word' id='word_1_64' title='bbox 862 1019 1136 1071; x_wconf 89' lang='lat' dir='ltr'>Bossuetus</span> <span class='ocrx_word' id='word_1_65' title='bbox 1162 1017 1394 1087; x_wconf 64' lang='lat' dir='ltr'>&gt;reposuit</span> <span class='ocrx_word' id='word_1_66' title='bbox 1433 1015 1540 1086; x_wconf 85' lang='lat' dir='ltr'>(lib.</span> <span class='ocrx_word' id='word_1_67' title='bbox 1576 1017 1628 1070; x_wconf 83' lang='lat'>8.</span> <span class='ocrx_word' id='word_1_68' title='bbox 1667 1015 1873 1070; x_wconf 86' lang='lat' dir='ltr'>Defens.</span> 
     </span>
     <span class='ocr_line' id='line_1_11' title="bbox 72 1093 1878 1175; baseline -0.002 -17"><span class='ocrx_word' id='word_1_69' title='bbox 72 1106 204 1159; x_wconf 70' lang='grc'><strong>(3.8.</strong></span> <span class='ocrx_word' id='word_1_70' title='bbox 243 1115 281 1156; x_wconf 90' lang='lat' dir='ltr'>t.</span> <span class='ocrx_word' id='word_1_71' title='bbox 321 1106 371 1156; x_wconf 77' lang='lat'>2.</span> <span class='ocrx_word' id='word_1_72' title='bbox 411 1123 524 1175; x_wconf 83' lang='lat' dir='ltr'>pag.</span> <span class='ocrx_word' id='word_1_73' title='bbox 563 1103 677 1173; x_wconf 81' lang='lat'>85).</span> <span class='ocrx_word' id='word_1_74' title='bbox 753 1103 845 1154; x_wconf 77' lang='lat' dir='ltr'>Ait</span> <span class='ocrx_word' id='word_1_75' title='bbox 880 1103 1038 1173; x_wconf 89' lang='lat' dir='ltr'>primo</span> <span class='ocrx_word' id='word_1_76' title='bbox 1076 1119 1181 1165; x_wconf 83' lang='lat' dir='ltr'>eoS,</span> <span class='ocrx_word' id='word_1_77' title='bbox 1220 1102 1303 1171; x_wconf 84' lang='lat' dir='ltr'>qui</span> <span class='ocrx_word' id='word_1_78' title='bbox 1339 1102 1472 1152; x_wconf 79' lang='lat' dir='ltr'>haee</span> <span class='ocrx_word' id='word_1_79' title='bbox 1509 1093 1776 1171; x_wconf 69' lang='lat' dir='ltr'>objiciunt,</span> <span class='ocrx_word' id='word_1_80' title='bbox 1812 1114 1878 1154; x_wconf 79' lang='lat' dir='ltr'>ne</span> 
     </span>
     <span class='ocr_line' id='line_1_12' title="bbox 71 1187 1878 1259; baseline -0.003 -16"><span class='ocrx_word' id='word_1_81' title='bbox 71 1198 260 1243; x_wconf 83' lang='lat' dir='ltr'>statam</span> <span class='ocrx_word' id='word_1_82' title='bbox 305 1193 510 1259; x_wconf 81' lang='lat' dir='ltr'>quidem</span> <span class='ocrx_word' id='word_1_83' title='bbox 549 1187 891 1257; x_wconf 56' lang='lat' dir='ltr'>⁴quaestionis</span> <span class='ocrx_word' id='word_1_84' title='bbox 949 1189 1261 1255; x_wconf 70' lang='lat' dir='ltr'>intelliyere.</span> <span class='ocrx_word' id='word_1_85' title='bbox 1346 1187 1698 1253; x_wconf 77' lang='lat' dir='ltr'>Defendimus</span> <span class='ocrx_word' id='word_1_86' title='bbox 1745 1192 1878 1238; x_wconf 88' lang='lat' dir='ltr'>enim</span> 
     </span>
     <span class='ocr_line' id='line_1_13' title="bbox 79 1271 1879 1342; baseline -0.002 -15"><span class='ocrx_word' id='word_1_87' title='bbox 79 1277 471 1328; x_wconf 71' lang='lat' dir='ltr'>constantiense</span> <span class='ocrx_word' id='word_1_88' title='bbox 505 1273 813 1336; x_wconf 80' lang='lat' dir='ltr'>Concilium,</span> <span class='ocrx_word' id='word_1_89' title='bbox 854 1290 957 1342; x_wconf 80' lang='lat' dir='ltr'>quo</span> <span class='ocrx_word' id='word_1_90' title='bbox 993 1290 1177 1340; x_wconf 81' lang='lat' dir='ltr'>nempe</span> <span class='ocrx_word' id='word_1_91' title='bbox 1224 1271 1453 1322; x_wconf 80' lang='lat' dir='ltr'>Concitii</span> <span class='ocrx_word' id='word_1_92' title='bbox 1481 1273 1666 1339; x_wconf 86' lang='lat' dir='ltr'>potior</span> <span class='ocrx_word' id='word_1_93' title='bbox 1704 1280 1879 1324; x_wconf 82' lang='lat' dir='ltr'>aneto-</span> 
     </span>
     <span class='ocr_line' id='line_1_14' title="bbox 70 1356 1878 1427; baseline -0.001 -16"><span class='ocrx_word' id='word_1_94' title='bbox 70 1363 201 1411; x_wconf 71' lang='lat' dir='ltr'>ritas</span> <span class='ocrx_word' id='word_1_95' title='bbox 226 1365 543 1427; x_wconf 63' lang='lat' dir='ltr'>agnoscatur</span> <span class='ocrx_word' id='word_1_96' title='bbox 568 1361 622 1409; x_wconf 92' lang='lat' dir='ltr'>in</span> <span class='ocrx_word' id='word_1_97' title='bbox 654 1360 780 1426; x_wconf 80' lang='lat' dir='ltr'>fide,</span> <span class='ocrx_word' id='word_1_98' title='bbox 818 1361 872 1408; x_wconf 87' lang='lat' dir='ltr'>in</span> <span class='ocrx_word' id='word_1_99' title='bbox 911 1356 1206 1416; x_wconf 77' lang='lat' dir='ltr'>schismate,-</span> <span class='ocrx_word' id='word_1_100' title='bbox 1243 1359 1297 1406; x_wconf 86' lang='lat' dir='ltr'>in</span> <span class='ocrx_word' id='word_1_101' title='bbox 1323 1360 1703 1423; x_wconf 78' lang='lat' dir='ltr'>reformatione</span> <span class='ocrx_word' id='word_1_102' title='bbox 1725 1377 1878 1426; x_wconf 72' lang='lat' dir='ltr'>yene-</span> 
     </span>
     <span class='ocr_line' id='line_1_15' title="bbox 71 1431 1877 1512; baseline -0.001 -16"><span class='ocrx_word' id='word_1_103' title='bbox 71 1447 178 1496; x_wconf 83' lang='lat' dir='ltr'>rali</span> <span class='ocrx_word' id='word_1_104' title='bbox 229 1445 632 1512; x_wconf 59' lang='lat' dir='ltr'>promovenda„</span> <span class='ocrx_word' id='word_1_105' title='bbox 709 1441 781 1493; x_wconf 81' lang='lat' dir='ltr'>At</span> <span class='ocrx_word' id='word_1_106' title='bbox 839 1431 1137 1492; x_wconf 76' lang='lat' dir='ltr'>orientales</span> <span class='ocrx_word' id='word_1_107' title='bbox 1200 1441 1461 1508; x_wconf 69' lang='lat' dir='ltr'>aniseopi</span> <span class='ocrx_word' id='word_1_108' title='bbox 1519 1445 1621 1492; x_wconf 76' lang='lat' dir='ltr'>isto</span> <span class='ocrx_word' id='word_1_109' title='bbox 1674 1446 1877 1494; x_wconf 78' lang='lat' dir='ltr'>canone</span> 
     </span>
     <span class='ocr_line' id='line_1_16' title="bbox 74 1521 1879 1598; baseline -0.001 -17"><span class='ocrx_word' id='word_1_110' title='bbox 74 1531 342 1598; x_wconf 76' lang='lat' dir='ltr'>Episcopo</span> <span class='ocrx_word' id='word_1_111' title='bbox 384 1529 968 1596; x_wconf 78' lang='lat' dir='ltr'>Constantinopolitano</span> <span class='ocrx_word' id='word_1_112' title='bbox 1006 1527 1365 1589; x_wconf 75' lang='lat' dir='ltr'>consulebant,</span> <span class='ocrx_word' id='word_1_113' title='bbox 1405 1521 1726 1594; x_wconf 78' lang='lat' dir='ltr'>Imperatori</span> <span class='ocrx_word' id='word_1_114' title='bbox 1756 1547 1879 1595; x_wconf 74' lang='lat' dir='ltr'>yra-</span> 
     </span>
     <span class='ocr_line' id='line_1_17' title="bbox 74 1608 1881 1683; baseline -0.001 -18"><span class='ocrx_word' id='word_1_115' title='bbox 74 1615 593 1683; x_wconf 14' lang='lat' dir='ltr'>tifieabantur,rnon</span> <span class='ocrx_word' id='word_1_116' title='bbox 638 1608 795 1682; x_wconf 66' lang='lat' dir='ltr'>fidei,</span> <span class='ocrx_word' id='word_1_117' title='bbox 848 1630 955 1662; x_wconf 89' lang='lat' dir='ltr'>non</span> <span class='ocrx_word' id='word_1_118' title='bbox 1004 1612 1300 1677; x_wconf 76' lang='lat' dir='ltr'>schismati,</span> <span class='ocrx_word' id='word_1_119' title='bbox 1354 1630 1459 1662; x_wconf 86' lang='lat' dir='ltr'>non</span> <span class='ocrx_word' id='word_1_120' title='bbox 1506 1615 1881 1678; x_wconf 77' lang='lat' dir='ltr'>reformationi</span> 
     </span>
     <span class='ocr_line' id='line_1_18' title="bbox 70 1684 1880 1768; baseline -0.001 -18"><span class='ocrx_word' id='word_1_121' title='bbox 70 1700 314 1767; x_wconf 76' lang='lat' dir='ltr'>yenerali</span> <span class='ocrx_word' id='word_1_122' title='bbox 339 1698 721 1766; x_wconf 79' lang='lat' dir='ltr'>providebant:</span> <span class='ocrx_word' id='word_1_123' title='bbox 765 1700 919 1747; x_wconf 89' lang='lat' dir='ltr'>immo</span> <span class='ocrx_word' id='word_1_124' title='bbox 968 1684 1094 1768; x_wconf 81' lang='lat' dir='ltr'>vero</span> <span class='ocrx_word' id='word_1_125' title='bbox 1131 1702 1331 1747; x_wconf 79' lang='lat' dir='ltr'>rectum.</span> <span class='ocrx_word' id='word_1_126' title='bbox 1376 1697 1641 1755; x_wconf 78' lang='lat' dir='ltr'>ordinem,</span> <span class='ocrx_word' id='word_1_127' title='bbox 1681 1704 1733 1748; x_wconf 92' lang='lat' dir='ltr'>et</span> <span class='ocrx_word' id='word_1_128' title='bbox 1761 1701 1880 1765; x_wconf 91' lang='lat' dir='ltr'>pri-</span> 
     </span>
     <span class='ocr_line' id='line_1_19' title="bbox 73 1782 1880 1849; baseline 0.001 -16"><span class='ocrx_word' id='word_1_129' title='bbox 73 1798 272 1838; x_wconf 77' lang='lat' dir='ltr'>maram</span> <span class='ocrx_word' id='word_1_130' title='bbox 311 1785 509 1835; x_wconf 78' lang='lat' dir='ltr'>sedium</span> <span class='ocrx_word' id='word_1_131' title='bbox 556 1782 809 1834; x_wconf 76' lang='lat' dir='ltr'>bonorem</span> <span class='ocrx_word' id='word_1_132' title='bbox 847 1783 911 1833; x_wconf 93' lang='lat' dir='ltr'>ab</span> <span class='ocrx_word' id='word_1_133' title='bbox 962 1783 1180 1849; x_wconf 82' lang='lat' dir='ltr'>antiquo</span> <span class='ocrx_word' id='word_1_134' title='bbox 1227 1783 1518 1831; x_wconf 82' lang='lat' dir='ltr'>institutum</span> <span class='ocrx_word' id='word_1_135' title='bbox 1566 1784 1880 1843; x_wconf 81' lang='lat' dir='ltr'>evertebant,</span> 
     </span>
     <span class='ocr_line' id='line_1_20' title="bbox 74 1868 1878 1936; baseline 0.001 -17"><span class='ocrx_word' id='word_1_136' title='bbox 74 1872 166 1936; x_wconf 78' lang='lat' dir='ltr'>qai</span> <span class='ocrx_word' id='word_1_137' title='bbox 198 1871 281 1919; x_wconf 85' lang='lat' dir='ltr'>rei</span> <span class='ocrx_word' id='word_1_138' title='bbox 316 1871 590 1919; x_wconf 81' lang='lat' dir='ltr'>aniversae</span> <span class='ocrx_word' id='word_1_139' title='bbox 627 1868 1036 1919; x_wconf 80' lang='lat' dir='ltr'>Ecclesiastieae</span> <span class='ocrx_word' id='word_1_140' title='bbox 1074 1868 1370 1918; x_wconf 81' lang='lat' dir='ltr'>conducere</span> <span class='ocrx_word' id='word_1_141' title='bbox 1415 1868 1683 1918; x_wconf 80' lang='lat' dir='ltr'>videretur</span> <span class='ocrx_word' id='word_1_142' title='bbox 1723 1907 1878 1920; x_wconf 89' lang='grc'><strong>.....</strong></span> 
     </span>
     <span class='ocr_line' id='line_1_21' title="bbox 73 1954 1884 2021; baseline 0.001 -17"><span class='ocrx_word' id='word_1_143' title='bbox 73 1972 135 2005; x_wconf 88' lang='lat' dir='ltr'>ae</span> <span class='ocrx_word' id='word_1_144' title='bbox 164 1955 398 2020; x_wconf 81' lang='lat' dir='ltr'>proinde</span> <span class='ocrx_word' id='word_1_145' title='bbox 434 1954 509 2003; x_wconf 90' lang='lat' dir='ltr'>ad</span> <span class='ocrx_word' id='word_1_146' title='bbox 539 1959 775 2004; x_wconf 85' lang='lat' dir='ltr'>nostram</span> <span class='ocrx_word' id='word_1_147' title='bbox 811 1954 1167 2019; x_wconf 79' lang='lat' dir='ltr'>qaaestionem</span> <span class='ocrx_word' id='word_1_148' title='bbox 1188 1969 1295 2001; x_wconf 90' lang='lat' dir='ltr'>non</span> <span class='ocrx_word' id='word_1_149' title='bbox 1328 1954 1586 2017; x_wconf 87' lang='lat' dir='ltr'>pertinet,</span> <span class='ocrx_word' id='word_1_150' title='bbox 1624 1956 1884 2021; x_wconf 80' lang='lat' dir='ltr'>quidquid</span> 
     </span>
     <span class='ocr_line' id='line_1_22' title="bbox 73 2029 1879 2111; baseline 0 -22"><span class='ocrx_word' id='word_1_151' title='bbox 73 2045 243 2111; x_wconf 80' lang='lat' dir='ltr'>aetam</span> <span class='ocrx_word' id='word_1_152' title='bbox 281 2038 346 2089; x_wconf 92' lang='lat' dir='ltr'>ab</span> <span class='ocrx_word' id='word_1_153' title='bbox 384 2029 496 2088; x_wconf 75' lang='lat' dir='ltr'>illis</span> <span class='ocrx_word' id='word_1_154' title='bbox 525 2039 680 2103; x_wconf 82' lang='lat' dir='ltr'>fait.</span> <span class='ocrx_word' id='word_1_155' title='bbox 738 2034 878 2088; x_wconf 86' lang='lat' dir='ltr'>Nihil</span> <span class='ocrx_word' id='word_1_156' title='bbox 927 2036 1048 2088; x_wconf 89' lang='lat' dir='ltr'>haec</span> <span class='ocrx_word' id='word_1_157' title='bbox 1096 2034 1194 2087; x_wconf 90' lang='lat' dir='ltr'>nisi</span> <span class='ocrx_word' id='word_1_158' title='bbox 1237 2037 1399 2087; x_wconf 85' lang='lat' dir='ltr'>fucum</span> <span class='ocrx_word' id='word_1_159' title='bbox 1447 2044 1497 2086; x_wconf 91' lang='lat' dir='ltr'>et</span> <span class='ocrx_word' id='word_1_160' title='bbox 1545 2035 1879 2089; x_wconf 83' lang='lat' dir='ltr'>confusionem</span> 
     </span>
     <span class='ocr_line' id='line_1_23' title="bbox 74 2112 1882 2191; baseline 0.002 -19"><span class='ocrx_word' id='word_1_161' title='bbox 74 2121 172 2185; x_wconf 87' lang='lat' dir='ltr'>rei,</span> <span class='ocrx_word' id='word_1_162' title='bbox 223 2122 282 2172; x_wconf 94' lang='lat' dir='ltr'>de</span> <span class='ocrx_word' id='word_1_163' title='bbox 333 2137 427 2189; x_wconf 84' lang='lat' dir='ltr'>qua</span> <span class='ocrx_word' id='word_1_164' title='bbox 474 2120 804 2191; x_wconf 83' lang='lat' dir='ltr'>disputamus,</span> <span class='ocrx_word' id='word_1_165' title='bbox 828 2158 830 2160; x_wconf 54' lang='lat'>&gt;</span> <span class='ocrx_word' id='word_1_166' title='bbox 854 2121 1103 2173; x_wconf 86' lang='lat' dir='ltr'>offundere</span> <span class='ocrx_word' id='word_1_167' title='bbox 1153 2112 1354 2189; x_wconf 83' lang='lat' dir='ltr'>queunt.</span> <span class='ocrx_word' id='word_1_168' title='bbox 1438 2118 1623 2173; x_wconf 82' lang='lat' dir='ltr'>Nonne</span> <span class='ocrx_word' id='word_1_169' title='bbox 1671 2129 1794 2175; x_wconf 75' lang='lat' dir='ltr'>vera</span> <span class='ocrx_word' id='word_1_170' title='bbox 1832 2131 1882 2175; x_wconf 90' lang='lat' dir='ltr'>et</span> 
     </span>
     <span class='ocr_line' id='line_1_24' title="bbox 74 2191 1877 2277; baseline 0 -20"><span class='ocrx_word' id='word_1_171' title='bbox 74 2205 291 2274; x_wconf 84' lang='lat' dir='ltr'>genuina</span> <span class='ocrx_word' id='word_1_172' title='bbox 342 2223 578 2275; x_wconf 85' lang='lat' dir='ltr'>praesens</span> <span class='ocrx_word' id='word_1_173' title='bbox 627 2206 849 2274; x_wconf 81' lang='lat' dir='ltr'>quaestio</span> <span class='ocrx_word' id='word_1_174' title='bbox 902 2205 955 2257; x_wconf 90' lang='lat' dir='ltr'>in</span> <span class='ocrx_word' id='word_1_175' title='bbox 1008 2222 1067 2258; x_wconf 89' lang='lat' dir='ltr'>eo</span> <span class='ocrx_word' id='word_1_176' title='bbox 1123 2206 1221 2277; x_wconf 82' lang='lat' dir='ltr'>sita</span> <span class='ocrx_word' id='word_1_177' title='bbox 1275 2215 1380 2266; x_wconf 87' lang='lat' dir='ltr'>est,</span> <span class='ocrx_word' id='word_1_178' title='bbox 1436 2223 1550 2256; x_wconf 90' lang='lat' dir='ltr'>num</span> <span class='ocrx_word' id='word_1_179' title='bbox 1607 2191 1877 2258; x_wconf 71' lang='lat' dir='ltr'>Concilium</span> 
     </span>
     <span class='ocr_line' id='line_1_25' title="bbox 76 2290 1882 2360; baseline 0.001 -20"><span class='ocrx_word' id='word_1_180' title='bbox 76 2291 308 2359; x_wconf 83' lang='lat' dir='ltr'>generale</span> <span class='ocrx_word' id='word_1_181' title='bbox 361 2308 450 2360; x_wconf 86' lang='lat' dir='ltr'>per</span> <span class='ocrx_word' id='word_1_182' title='bbox 499 2308 553 2342; x_wconf 92' lang='lat' dir='ltr'>se</span> <span class='ocrx_word' id='word_1_183' title='bbox 609 2290 674 2342; x_wconf 90' lang='lat' dir='ltr'>sit</span> <span class='ocrx_word' id='word_1_184' title='bbox 726 2291 932 2360; x_wconf 85' lang='lat' dir='ltr'>potioris</span> <span class='ocrx_word' id='word_1_185' title='bbox 987 2290 1300 2353; x_wconf 76' lang='lat' dir='ltr'>auctoritatis</span> <span class='ocrx_word' id='word_1_186' title='bbox 1354 2290 1652 2342; x_wconf 88' lang='lat' dir='ltr'>auctoritate</span> <span class='ocrx_word' id='word_1_187' title='bbox 1708 2292 1882 2343; x_wconf 88' lang='lat' dir='ltr'>summi</span> 
     </span>
     <span class='ocr_line' id='line_1_26' title="bbox 76 2373 1881 2448; baseline 0 -23"><span class='ocrx_word' id='word_1_188' title='bbox 76 2373 350 2439; x_wconf 77' lang='lat' dir='ltr'>pontificis,</span> <span class='ocrx_word' id='word_1_189' title='bbox 387 2374 460 2427; x_wconf 88' lang='lat' dir='ltr'>ita</span> <span class='ocrx_word' id='word_1_190' title='bbox 496 2384 550 2426; x_wconf 90' lang='lat' dir='ltr'>ut</span> <span class='ocrx_word' id='word_1_191' title='bbox 586 2377 692 2445; x_wconf 85' lang='lat' dir='ltr'>ejus</span> <span class='ocrx_word' id='word_1_192' title='bbox 731 2376 928 2428; x_wconf 85' lang='lat' dir='ltr'>decreta</span> <span class='ocrx_word' id='word_1_193' title='bbox 965 2376 1122 2446; x_wconf 85' lang='lat' dir='ltr'>ipsum</span> <span class='ocrx_word' id='word_1_194' title='bbox 1160 2374 1452 2426; x_wconf 85' lang='lat' dir='ltr'>Pontificem</span> <span class='ocrx_word' id='word_1_195' title='bbox 1490 2375 1709 2448; x_wconf 84' lang='lat' dir='ltr'>obligent</span> <span class='ocrx_word' id='word_1_196' title='bbox 1734 2375 1881 2427; x_wconf 89' lang='lat' dir='ltr'>etiam</span> 
     </span>
     <span class='ocr_line' id='line_1_27' title="bbox 75 2452 1883 2531; baseline 0.001 -22"><span class='ocrx_word' id='word_1_197' title='bbox 75 2458 309 2523; x_wconf 85' lang='lat' dir='ltr'>invitum,</span> <span class='ocrx_word' id='word_1_198' title='bbox 378 2469 427 2511; x_wconf 90' lang='lat' dir='ltr'>et</span> <span class='ocrx_word' id='word_1_199' title='bbox 485 2460 543 2511; x_wconf 88' lang='lat' dir='ltr'>ad</span> <span class='ocrx_word' id='word_1_200' title='bbox 593 2460 797 2513; x_wconf 89' lang='lat' dir='ltr'>eundem</span> <span class='ocrx_word' id='word_1_201' title='bbox 858 2452 1169 2530; x_wconf 85' lang='lat' dir='ltr'>obligandum</span> <span class='ocrx_word' id='word_1_202' title='bbox 1224 2460 1378 2531; x_wconf 90' lang='lat' dir='ltr'>ipsius</span> <span class='ocrx_word' id='word_1_203' title='bbox 1430 2459 1782 2530; x_wconf 81' lang='lat' dir='ltr'>approbatione</span> <span class='ocrx_word' id='word_1_204' title='bbox 1834 2470 1883 2512; x_wconf 90' lang='lat' dir='ltr'>et</span> 
     </span>
     <span class='ocr_line' id='line_1_28' title="bbox 76 2542 1882 2616; baseline 0 -20"><span class='ocrx_word' id='word_1_205' title='bbox 76 2562 319 2596; x_wconf 90' lang='lat' dir='ltr'>consensu</span> <span class='ocrx_word' id='word_1_206' title='bbox 356 2563 454 2596; x_wconf 84' lang='lat' dir='ltr'>non</span> <span class='ocrx_word' id='word_1_207' title='bbox 480 2546 711 2615; x_wconf 72' lang='lat' dir='ltr'>vegeant?</span> <span class='ocrx_word' id='word_1_208' title='bbox 758 2542 857 2611; x_wconf 81' lang='lat' dir='ltr'>Qui</span> <span class='ocrx_word' id='word_1_209' title='bbox 893 2561 981 2616; x_wconf 87' lang='lat' dir='ltr'>per</span> <span class='ocrx_word' id='word_1_210' title='bbox 1019 2558 1130 2615; x_wconf 78' lang='lat' dir='ltr'>ses&#39;e</span> <span class='ocrx_word' id='word_1_211' title='bbox 1167 2542 1411 2597; x_wconf 83' lang='lat' dir='ltr'>Pontifice</span> <span class='ocrx_word' id='word_1_212' title='bbox 1449 2545 1674 2614; x_wconf 77' lang='lat' dir='ltr'>superior</span> <span class='ocrx_word' id='word_1_213' title='bbox 1710 2555 1760 2597; x_wconf 92' lang='lat' dir='ltr'>et</span> <span class='ocrx_word' id='word_1_214' title='bbox 1796 2554 1882 2614; x_wconf 89' lang='lat' dir='ltr'>po-</span> 
     </span>
     <span class='ocr_line' id='line_1_29' title="bbox 77 2629 1884 2699; baseline 0 -19"><span class='ocrx_word' id='word_1_215' title='bbox 77 2629 217 2681; x_wconf 87' lang='lat' dir='ltr'>tioris</span> <span class='ocrx_word' id='word_1_216' title='bbox 255 2629 564 2682; x_wconf 76' lang='lat' dir='ltr'>auctoritatis</span> <span class='ocrx_word' id='word_1_217' title='bbox 612 2639 775 2694; x_wconf 88' lang='lat' dir='ltr'>esset,-</span> <span class='ocrx_word' id='word_1_218' title='bbox 831 2649 944 2682; x_wconf 88' lang='lat' dir='ltr'>num</span> <span class='ocrx_word' id='word_1_219' title='bbox 999 2631 1049 2682; x_wconf 92' lang='lat' dir='ltr'>in</span> <span class='ocrx_word' id='word_1_220' title='bbox 1105 2630 1263 2682; x_wconf 85' lang='lat' dir='ltr'>tribus</span> <span class='ocrx_word' id='word_1_221' title='bbox 1314 2629 1410 2681; x_wconf 91' lang='lat' dir='ltr'>illis</span> <span class='ocrx_word' id='word_1_222' title='bbox 1465 2630 1779 2699; x_wconf 78' lang='lat' dir='ltr'>graviolibus</span> <span class='ocrx_word' id='word_1_223' title='bbox 1835 2640 1884 2682; x_wconf 85' lang='lat' dir='ltr'>et</span> 
     </span>
     <span class='ocr_line' id='line_1_30' title="bbox 77 2707 1882 2798; baseline -0.001 -32"><span class='ocrx_word' id='word_1_224' title='bbox 77 2714 490 2773; x_wconf 81' lang='lat' dir='ltr'>extraordinariis</span> <span class='ocrx_word' id='word_1_225' title='bbox 528 2707 723 2767; x_wconf 87' lang='lat' dir='ltr'>casibus</span> <span class='ocrx_word' id='word_1_226' title='bbox 759 2725 966 2798; x_wconf 82' lang='lat' dir='ltr'>tantum,</span> <span class='ocrx_word' id='word_1_227' title='bbox 1005 2715 1276 2784; x_wconf 86' lang='lat' dir='ltr'>dequibus</span> <span class='ocrx_word' id='word_1_228' title='bbox 1315 2713 1702 2769; x_wconf 83' lang='lat' dir='ltr'>Constantiense</span> <span class='ocrx_word' id='word_1_229' title='bbox 1744 2712 1882 2767; x_wconf 80' lang='lat' dir='ltr'>Con&#39;-</span> 
     </span>
     <span class='ocr_line' id='line_1_31' title="bbox 79 2797 1883 2871; baseline 0.002 -22"><span class='ocrx_word' id='word_1_230' title='bbox 79 2797 235 2849; x_wconf 89' lang='lat' dir='ltr'>cilium</span> <span class='ocrx_word' id='word_1_231' title='bbox 290 2798 531 2866; x_wconf 82' lang='lat' dir='ltr'>loquitur,</span> <span class='ocrx_word' id='word_1_232' title='bbox 598 2809 648 2851; x_wconf 89' lang='lat' dir='ltr'>et</span> <span class='ocrx_word' id='word_1_233' title='bbox 714 2816 814 2851; x_wconf 90' lang='lat' dir='ltr'>non</span> <span class='ocrx_word' id='word_1_234' title='bbox 863 2800 918 2852; x_wconf 90' lang='lat' dir='ltr'>in</span> <span class='ocrx_word' id='word_1_235' title='bbox 971 2801 1078 2853; x_wconf 89' lang='lat' dir='ltr'>aliis</span> <span class='ocrx_word' id='word_1_236' title='bbox 1143 2799 1297 2853; x_wconf 87' lang='lat' dir='ltr'>etiam</span> <span class='ocrx_word' id='word_1_237' title='bbox 1344 2800 1527 2871; x_wconf 89' lang='lat' dir='ltr'>potiori</span> <span class='ocrx_word' id='word_1_238' title='bbox 1590 2801 1883 2852; x_wconf 86' lang='lat' dir='ltr'>aucto1itate</span> 
     </span>
     <span class='ocr_line' id='line_1_32' title="bbox 79 2875 1882 2955; baseline 0.004 -24"><span class='ocrx_word' id='word_1_239' title='bbox 79 2882 325 2933; x_wconf 80' lang='lat' dir='ltr'>frueretul</span> <span class='ocrx_word' id='word_1_240' title='bbox 338 2882 361 2919; x_wconf 70' lang='lat'>‘¹&#39;</span> <span class='ocrx_word' id='word_1_241' title='bbox 401 2875 515 2950; x_wconf 77' lang='lat' dir='ltr'>Seio</span> <span class='ocrx_word' id='word_1_242' title='bbox 540 2882 837 2950; x_wconf 78' lang='lat' dir='ltr'>Bessuetum</span> <span class='ocrx_word' id='word_1_243' title='bbox 875 2885 989 2936; x_wconf 84' lang='lat' dir='ltr'>alibi</span> <span class='ocrx_word' id='word_1_244' title='bbox 1027 2885 1339 2938; x_wconf 87' lang='lat' dir='ltr'>conciliorum</span> <span class='ocrx_word' id='word_1_245' title='bbox 1367 2884 1670 2955; x_wconf 85' lang='lat' dir='ltr'>generalium</span> <span class='ocrx_word' id='word_1_246' title='bbox 1710 2903 1882 2937; x_wconf 90' lang='lat' dir='ltr'>neces-</span> 
     </span>
     <span class='ocr_line' id='line_1_33' title="bbox 79 2957 1882 3037; baseline 0.002 -19"><span class='ocrx_word' id='word_1_247' title='bbox 79 2966 273 3018; x_wconf 87' lang='lat' dir='ltr'>sitatem</span> <span class='ocrx_word' id='word_1_248' title='bbox 313 2966 374 3018; x_wconf 88' lang='lat' dir='ltr'>ad</span> <span class='ocrx_word' id='word_1_249' title='bbox 411 2982 497 3019; x_wconf 89' lang='lat' dir='ltr'>eos</span> <span class='ocrx_word' id='word_1_250' title='bbox 534 2976 724 3018; x_wconf 89' lang='lat' dir='ltr'>tantum</span> <span class='ocrx_word' id='word_1_251' title='bbox 761 2978 865 3020; x_wconf 87' lang='lat' dir='ltr'>tres</span> <span class='ocrx_word' id='word_1_252' title='bbox 904 2979 1046 3020; x_wconf 83' lang='lat' dir='ltr'>casus</span> <span class='ocrx_word' id='word_1_253' title='bbox 1073 2957 1502 3022; x_wconf 79' lang='lat' dir='ltr'>extraordinarios</span> <span class='ocrx_word' id='word_1_254' title='bbox 1541 2978 1687 3037; x_wconf 88' lang='lat' dir='ltr'>atque</span> <span class='ocrx_word' id='word_1_255' title='bbox 1726 2971 1882 3021; x_wconf 79' lang='lat' dir='ltr'>raris-</span> 
     </span>
     <span class='ocr_line' id='line_1_34' title="bbox 79 3049 1881 3123; baseline 0.002 -22"><span class='ocrx_word' id='word_1_256' title='bbox 79 3051 225 3102; x_wconf 92' lang='lat' dir='ltr'>simos</span> <span class='ocrx_word' id='word_1_257' title='bbox 262 3049 586 3122; x_wconf 85' lang='lat' dir='ltr'>restringere,</span> <span class='ocrx_word' id='word_1_258' title='bbox 621 3069 702 3118; x_wconf 80' lang='lat' dir='ltr'>ne,-</span> <span class='ocrx_word' id='word_1_259' title='bbox 741 3052 797 3102; x_wconf 91' lang='lat' dir='ltr'>si</span> <span class='ocrx_word' id='word_1_260' title='bbox 820 3053 1143 3105; x_wconf 82' lang='lat' dir='ltr'>extendisset</span> <span class='ocrx_word' id='word_1_261' title='bbox 1166 3054 1225 3105; x_wconf 90' lang='lat' dir='ltr'>ad</span> <span class='ocrx_word' id='word_1_262' title='bbox 1263 3072 1453 3106; x_wconf 88' lang='lat' dir='ltr'>omnes</span> <span class='ocrx_word' id='word_1_263' title='bbox 1468 3054 1615 3106; x_wconf 86' lang='lat' dir='ltr'>etiam</span> <span class='ocrx_word' id='word_1_264' title='bbox 1652 3056 1881 3123; x_wconf 85' lang='lat' dir='ltr'>frequen-</span> 
     </span>
     <span class='ocr_line' id='line_1_35' title="bbox 77 3125 1883 3208; baseline 0.002 -23"><span class='ocrx_word' id='word_1_265' title='bbox 77 3135 230 3188; x_wconf 75' lang='lat' dir='ltr'>tior-es</span> <span class='ocrx_word' id='word_1_266' title='bbox 267 3145 318 3188; x_wconf 87' lang='lat' dir='ltr'>et</span> <span class='ocrx_word' id='word_1_267' title='bbox 353 3126 554 3200; x_wconf 88' lang='lat' dir='ltr'>obvios,</span> <span class='ocrx_word' id='word_1_268' title='bbox 601 3127 835 3206; x_wconf 88' lang='lat' dir='ltr'>improbis</span> <span class='ocrx_word' id='word_1_269' title='bbox 872 3137 964 3189; x_wconf 88' lang='lat' dir='ltr'>hoc</span> <span class='ocrx_word' id='word_1_270' title='bbox 999 3125 1241 3201; x_wconf 82' lang='lat' dir='ltr'>tlibunal,</span> <span class='ocrx_word' id='word_1_271' title='bbox 1289 3138 1417 3205; x_wconf 90' lang='lat' dir='ltr'>quod</span> <span class='ocrx_word' id='word_1_272' title='bbox 1454 3154 1647 3208; x_wconf 90' lang='lat' dir='ltr'>sempe1</span> <span class='ocrx_word' id='word_1_273' title='bbox 1684 3148 1883 3208; x_wconf 81' lang='lat' dir='ltr'>praesto</span> 
     </span>
     <span class='ocr_line' id='line_1_36' title="bbox 80 3220 1883 3292; baseline 0.001 -21"><span class='ocrx_word' id='word_1_274' title='bbox 80 3238 180 3271; x_wconf 89' lang='lat' dir='ltr'>non</span> <span class='ocrx_word' id='word_1_275' title='bbox 217 3229 317 3292; x_wconf 87' lang='lat' dir='ltr'>est,</span> <span class='ocrx_word' id='word_1_276' title='bbox 363 3239 454 3274; x_wconf 90' lang='lat' dir='ltr'>nec</span> <span class='ocrx_word' id='word_1_277' title='bbox 490 3220 632 3274; x_wconf 87' lang='lat' dir='ltr'>facile</span> <span class='ocrx_word' id='word_1_278' title='bbox 677 3231 876 3292; x_wconf 88' lang='lat' dir='ltr'>praesto</span> <span class='ocrx_word' id='word_1_279' title='bbox 926 3238 1037 3273; x_wconf 87' lang='lat' dir='ltr'>esse</span> <span class='ocrx_word' id='word_1_280' title='bbox 1081 3230 1271 3291; x_wconf 87' lang='lat' dir='ltr'>potest,</span> <span class='ocrx_word' id='word_1_281' title='bbox 1325 3221 1680 3291; x_wconf 86' lang='lat' dir='ltr'>appellantibus</span> <span class='ocrx_word' id='word_1_282' title='bbox 1717 3222 1883 3274; x_wconf 88' lang='lat' dir='ltr'>favere</span> 
     </span>
     <span class='ocr_line' id='line_1_37' title="bbox 79 3298 1882 3381; baseline 0.001 -25"><span class='ocrx_word' id='word_1_283' title='bbox 79 3298 340 3362; x_wconf 72' lang='lat' dir='ltr'>videretur.</span> <span class='ocrx_word' id='word_1_284' title='bbox 410 3306 632 3376; x_wconf 86' lang='lat' dir='ltr'>Ipsorum</span> <span class='ocrx_word' id='word_1_285' title='bbox 670 3316 789 3359; x_wconf 82' lang='lat' dir='ltr'>vero</span> <span class='ocrx_word' id='word_1_286' title='bbox 826 3305 1140 3358; x_wconf 87' lang='lat' dir='ltr'>conciliorum</span> <span class='ocrx_word' id='word_1_287' title='bbox 1178 3305 1482 3381; x_wconf 76' lang='lat' dir='ltr'>generalium</span> <span class='ocrx_word' id='word_1_288' title='bbox 1521 3306 1882 3369; x_wconf 78' lang='lat' dir='ltr'>auctoritatem,</span> 
     </span>
    </p>
   </div>
   <div class='ocr_carea' id='block_1_3' title="bbox 82 3381 1882 3524">
    <p class='ocr_par' dir='ltr' id='par_1_4' title="bbox 82 3381 1882 3524">
     <span class='ocr_line' id='line_1_38' title="bbox 82 3381 1882 3466; baseline 0.003 -28"><span class='ocrx_word' id='word_1_289' title='bbox 82 3406 365 3458; x_wconf 84' lang='lat' dir='ltr'>quacunque</span> <span class='ocrx_word' id='word_1_290' title='bbox 420 3390 681 3466; x_wconf 66' lang='lat' dir='ltr'>occasione</span> <span class='ocrx_word' id='word_1_291' title='bbox 742 3394 945 3453; x_wconf 84' lang='lat' dir='ltr'>coeant,</span> <span class='ocrx_word' id='word_1_292' title='bbox 1002 3390 1042 3441; x_wconf 89' lang='lat' dir='ltr'>si</span> <span class='ocrx_word' id='word_1_293' title='bbox 1100 3408 1187 3460; x_wconf 80' lang='lat' dir='ltr'>per</span> <span class='ocrx_word' id='word_1_294' title='bbox 1234 3408 1287 3443; x_wconf 87' lang='lat' dir='ltr'>se</span> <span class='ocrx_word' id='word_1_295' title='bbox 1334 3390 1432 3440; x_wconf 84' lang='lat' dir='ltr'>sint</span> <span class='ocrx_word' id='word_1_296' title='bbox 1479 3408 1627 3461; x_wconf 86' lang='lat' dir='ltr'>supra</span> <span class='ocrx_word' id='word_1_297' title='bbox 1677 3381 1882 3462; x_wconf 87' lang='lat' dir='ltr'>Papam,</span> 
     </span>
     <span class='ocr_line' id='line_1_39' title="bbox 1470 3475 1541 3524; baseline 0 -25"><span class='ocrx_word' id='word_1_298' title='bbox 1470 3475 1541 3524; x_wconf 70' lang='grc'>4*</span> 
     </span>
    </p>
   </div>
  </div>
 </body>
</html>
