2326 3854
709 208 1351 263 —193--—

130 373 358 444 derogari
405 382 551 442 atque
600 373 898 443 praescribi,
947 391 1003 425 ac
1052 372 1233 424 idcirco
1280 388 1407 423 novo
1448 369 1552 438 juri
1597 378 1786 420 tantam
1833 369 1932 423 vim

129 477 227 510 non
268 476 410 527 posse
445 457 702 522 vindicari,
742 468 795 509 ut
819 468 1042 511 veterum
1080 472 1318 508 canonum
1349 456 1434 525 jus
1470 453 1741 523 abrogarit.
1799 454 1934 507 Tota

131 542 469 611 aequivocatio
508 542 604 594 sita
643 552 719 594 est
762 542 813 593 in
850 560 1003 612 pravo
1040 540 1289 592 intellectu
1329 538 1540 591 nominis
1578 541 1932 591 monarchiae.

127 626 252 697 Ejus
290 627 481 695 quidem
520 627 771 679 arbitrarii
806 623 1109 684 monarchici
1156 624 1441 693 regiminis,
1493 625 1617 692 quod
1653 622 1697 675 F
1702 625 1934 676 ebronius

128 711 446 782 perstringit,
499 711 738 782 principia
793 709 957 764 divino
995 725 1052 760 ac
1089 709 1305 760 naturali
1334 709 1438 778 juri
1491 719 1785 779 repugnant.
1861 711 1950 779 At>

127 814 241 848 num
290 815 350 849 ea
397 813 466 848 ex
517 813 646 848 novo
676 797 819 865 jure,
868 793 994 863 quod
1032 793 1245 857 obtinet,
1296 803 1688 862 consequantur,
1736 793 1779 844 si
1825 795 1932 862 quis

126 881 418 950 negaverit,
470 898 498 931 a
547 879 589 931 F
595 880 797 932 ebronio
846 877 1036 931 revinci
1093 895 1192 928 non
1253 877 1452 948 poterit.
1546 877 1812 948 Distingue
1851 882 1932 949 jus

127 984 304 1019 novum
345 985 372 1017 a
410 965 527 1018 novi
556 965 686 1036 juris
723 965 983 1027 abusibus,
1032 962 1249 1030 qui'non
1288 982 1353 1015 ex
1392 963 1498 1034 ipso
1528 951 1642 1032 jure
1679 982 1809 1017 novo
1846 982 1934 1035 per

125 1068 207 1115 se,
247 1051 332 1102 sed
369 1068 438 1102 ex
473 1049 594 1103 vitio
634 1050 936 1102 abutentium
971 1046 1374 1118 proficiscuntur,
1414 1048 1810 1117 quemadmodum
1847 1067 1935 1119 po-

123 1145 283 1188 testas
333 1134 716 1199 Ecclesiastica,
773 1135 834 1186 ad
880 1132 1015 1185 novi-
1035 1131 1164 1201 juris
1221 1151 1444 1183 normam
1491 1142 1704 1196 exacta,
1761 1134 1934 1185 distin-

125 1221 318 1290 guenda
369 1229 446 1272 est
495 1220 555 1271 ab
603 1219 818 1288 ejusdem
866 1216 1127 1288 potestatis
1173 1216 1433 1278 abusibuS,
1472 1216 1555 1283 qui
1592 1217 1809 1269 malitiae
1847 1220 1933 1269 ab-

125 1305 365 1365 utentium
429 1312 480 1356 et
525 1303 857 1373 praescriptos
917 1300 1133 1371 ejusdem
1173 1300 1306 1369 juris
1362 1300 1540 1352 limites
1587 1303 1930 1353 excedentium

124 1375 368 1441 tribuendi
405 1397 543 1440 sunt:
593 1396 644 1439 et
680 1386 823 1439 sicuti
873 1404 942 1438 ex
978 1386 1041 1438 iis
1095 1385 1326 1437 abusibus
1364 1385 1531 1436 eadem
1579 1396 1802 1455 potestas
1841 1405 1932 1440 nec

123 1475 368 1543 neganda,
406 1491 498 1525 nec
533 1472 585 1523 in
622 1471 812 1523 dubium
831 1471 1110 1524 revocanda
1135 1480 1240 1536 est3
1278 1469 1352 1521 ita
1389 1487 1457 1522 ex
1485 1470 1716 1522 abusibus
1743 1484 1929 1535 eorum,

125 1559 205 1627 qui
230 1557 522 1610 Pontificiae
546 1556 783 1625 potestati
807 1574 946 1608 usum
973 1557 1238 1608 effraenem
1266 1564 1316 1607 et
1340 1555 1653 1608 excessivum
1690 1556 1931 1622 tribuunt,

123 1644 552 1713 impotentemque,
589 1640 886 1717 despoticum
923 1641 1334 1708 arbitrariumque
1371 1639 1686 1704 dominatum,
1725 1659 1823 1692 non
1857 1652 1934 1694 est.

124 1727 378 1797 neganda,
427 1743 521 1777 nec
565 1724 616 1775 in
653 1723 846 1776 dubium
893 1726 1170 1788 revocanda
1215 1734 1293 1777 est
1346 1724 1569 1794 potestas
1617 1726 1930 1779 monarchica

123 1830 273 1882 supra
307 1809 607 1881 EpiscopOS‚
657 1827 802 1878 quam
839 1808 1052 1865 Summis
1089 1808 1412 1862 Pontificibus
1447 1808 1498 1860 in
1546 1809 1812 1862 limitandis
1850 1830 1931 1872 ref·-

123 1896 540 1966 stringendisque,
579 1912 685 1946 cum
722 1894 941 1965 expedit,
977 1895 1184 1961 istorum
1222 1894 1539 1947 facultatibus·
1550 1896 1668 1965 jure
1693 1895 1932 1964 primatus

124 1991 402 2051 competere
436 1978 767 2050 probavimus.
794 1992 796 1994 ’

268 2067 350 2119 17.
403 2063 562 2126 μΗειθιι
607 2073 834 2133 potestas
885 2083 991 2118 cum
1027 2074 1256 2119 versetur
1293 2065 1426 2117 circa
1463 2079 1602 2116 usum
1642 2068 1694 2117 et'
1732 2066 1933 2119 exerci-

121 2150 240 2201 tium
291 2148 577 2201 facultatum
626 2145 1015 2219 Episcopalium,
1064 2151 1191 2219 quod
1229 2147 1462 2202 Christus
1510 2167 1608 2200 non
1658 2151 1931 2215 constituit,

122 2222 208 2285 sed
253 2232 500 2302 legitimae
545 2230 928 2286 Ecclesiasticae
976 2234 1286 2304 dispositioni
1341 2234 1567 2303 reliquit,
1626 2234 1931 2306 disciplinam

121 2316 339 2387 respicit,
377 2334 502 2386 quae
538 2334 626 2387 pro
661 2317 805 2370 varia
827 2328 1097 2389 temporum
1138 2337 1195 2370 ac
1221 2317 1699 2379 circumstantiarum
1738 2321 1933 2378 ratione

121 2402 302 2454 mutari
351 2410 402 2453 et
445 2400 675 2456 innovari
719 2402 908 2473 potuit3
958 2420 1234 2472 novumque
1287 2402 1340 2454 in
1389 2420 1449 2454 ea
1487 2404 1599 2473 juS‚
1651 2405 1777 2472 quod
1817 2415 1931 2457 actu

121 2487 317 2557 vigeat,
355 2487 514 2557 potuit
549 2497 723 2540 contra
749 2487 834 2557 jus
881 2488 1132 2557 antiquum
1177 2487 1534 2558 praescribere.
1610 2486 1740 2540 Hinc
1777 2490 1931 2542 mania

120 2574 247 2627 festa
284 2571 349 2623 sit
383 2569 622 2623 Febronii
661 2572 990 2636 hallucinatiO,
1030 2591 1137 2625 cum
1187 2590 1230 2625 c.
1275 2574 1322 2624 l.
1372 2572 1418 2640 ἕ.
1461 2574 1508 2625 l.
1559 2588 1610 2624 n.
1650 2573 1701 2625 3.
1751 2573 1803 2626 in
1840 2575 1930 2627 hac

121 2657 346 2720 materia,
384 2674 509 2725 quae
544 2656 828 2728 disciplinae
853 2666 946 2718 est,
981 2658 1134 2711 veluti
1171 2667 1355 2711 certum
1382 2659 1618 2730 generale
1641 2657 1931 2731 principium

122 2742 296 2794 statuit
331 2740 448 2792 illud
494 2759 562 2793 ex
598 2741 867 2795 Vincentio
903 2736 1202 2807 Lerinensi,
1253 2747 1584 2814 antiquitatis
1621 2747 1930 2813 reliyionem

120 2829 366 2877 novitatis
395 2820 725 2893 profanitati
767 2830 1215 2893 anteponendam,
1268 2822 1413 2896 quod*
1450 2828 1509 2880 de
1560 2829 1783 2881 materiis
1819 2826 1930 2882 fidei

122 2919 172 2962 et
208 2927 395 2960 morum
431 2909 490 2960 ad
525 2910 749 2962 naturale
769 2912 843 2962 ‘ac
879 2910 1095 2964 divinum
1123 2913 1208 2981 jus
1244 2913 1545 2965 immutabile
1581 2913 1930 2983 pertinentium

120 3012 290 3047 verum
330 3002 431 3058 est,
471 3011 562 3047 nec
598 3013 699 3046 non
734 2994 847 3049 illud
886 2995 1016 3047 aliud
1051 2995 1370 3067 principium,
1410 3015 1505 3066 quo
1543 2997 1593 3049 id
1628 2999 1926 3066 sequendum

122 3079 350 3141 affirmat,
389 3079 515 3146 quod
552 3080 928 3149 semper,÷quod
965 3079 1143 3148 ubique
1180 3081 1230 3131 in
1269 3081 1509 3134 catholica
1545 3080 1775 3154 Ecclesia
1810 3101 1927 3135 con-

123 3163 278 3215 stanti
314 3163 632 3216 observantia
669 3163 856 3234 viguite‘
893 3179 1053 3232 neque
1091 3165 1220 3217 enim
1248 3167 1405 3236 aptari
1441 3175 1607 3237 potest
1643 3165 1930 3238 disciplinae

122 3246 367 3299 mutabilis
395 3239 614 3317 juribus,
652 3266 780 3316 quae
814 3266 904 3319 pro
941 3248 1186 3302 varietate
1221 3259 1524 3322 temporum,-
1570 3251 1814 3320 locorum,
1851 3262 1929 3305 at-

124 3350 216 3400 que
262 3330 738 3385 circumstantiarum
778 3333 918 3386 varia
968 3351 1079 3386 esse
1125 3344 1324 3403 queunt⁶
1399 3334 1579 3406 Neque
1625 3335 1754 3388 dicat
1789 3346 1928 3408 pote-

125 3421 300 3468 statem
336 3414 690 3487 Episcoporum
730 3436 841 3471 esse
869 3411 996 3487 juris
1033 3418 1208 3482 divini,
1260 3412 1336 3471 cui
1373 3419 1633 3494 detrahere
1670 3421 1927 3491 quicquam

183 3507 228 3541 Ρ.
260 3506 409 3541 Baller.
450 3507 498 3541 de
530 3508 730 3543 Potestate
761 3514 835 3543 etc.
1511 3506 1576 3557 13
